% Для русских статей или для публикаций с нестандартным написанием фамилии
% в списке авторов нужно добавить дополнительное поле
% ALTERNATIVE. Для русских статей можно включить в это поле полное библиографическое
% описание переводного варианта.

@STRING{UFN = "УФН"}
@STRING{DAN = "Доклады Академии наук"}
@STRING{DANe = "Sov. Phys. Dokl."}
@STRING{IANP = "Известия Академии наук, сер. физическая"}
@STRING{ZhETF = "ЖЭТФ"}
@STRING{ZhETFe = "ZhETF"}
@STRING{JETP = "Sov. Phys. JETP"}
@STRING{PZhETF = "Письма в ЖЭТФ"}
@STRING{ZhTF = "ЖТФ"}
STRING{PZhTF = "Письма в ЖТФ"}
@STRING{RE = "Радиотехника и электроника"}
@STRING{PTE = "Приборы и техника эксперимента"}
@STRING{KvEl = "Квантовая электроника"}
@STRING{VMU = "Вестник Московского университета, серия 3: физика и астрономия"}
@STRING{VMUe = "Moscow Univ. Phys. Bull."}
@STRING{PRL = "Physical Review Letters"}
@STRING{PR = "Physical Review"}
@STRING{PRC = "Physical Review C"}
@STRING{PRA = "Physical Review A"}
@STRING{PRB = "Physical Review B"}
@STRING{PRC = "Physical Review C"}
@STRING{PRD = "Physical Review D"}
@STRING{PLA = "Physics Letters A"}
@STRING{OC = "Optics Communications"}
@STRING{OL = "Optics Letter"}
@STRING{CQG = "Classical and Quantum Gravity"}
@STRING{SPIE = "Proceedings of SPIE"}
@STRING{IEEE = "Proceedings of the IEEE"}
@STRING{PhJR = "Philips J. Res."}
@STRING{JOSAB = "Journal of the Optical Society of America B"}

@ARTICLE{56a1Br,
  AUTHOR  = "{В.Б.Брагинский}",
  TITLE   = "Излучение электромагнитных волн при равномерном движении электрических зарядов вблизи неоднородностей.",
  JOURNAL = RE,
  VOLUME  = 1,
  NUMBER  = 2,
  YEAR    = 1956,
  PAGES   = "225-332",
  ALTERNATIVE = "V. B. Braginsky"
}


@ARTICLE{63a1Br,
  AUTHOR  = "{В.Б.Брагинский}",
  TITLE   = "О пределах, определяющих возможность измерения гравитационных эффектов.",
  JOURNAL = ZhETF,
  VOLUME  = 44,
  NUMBER  = 5,
  YEAR    = 1963,
  PAGES   = "1562-1566",
  ALTERNATIVE = "V. B. Braginsky"
}

@ARTICLE{64a1Br,
  AUTHOR  = "{В.Б.Брагинский}",
  TITLE   = "Чувствительные весы с радиотехнической системой регистрации и калибровки.",
  JOURNAL = PTE,
  NUMBER  = 3,
  YEAR    = 1964,
  PAGES   = "160-164",
  ALTERNATIVE = "V. B. Braginsky"
}

@ARTICLE{64a1BrMi,
  AUTHOR  = "{В.Б.Брагинский, И.И.Минакова}",
  TITLE   = "",
  JOURNAL = VMU,
  NUMBER  = 1,
  YEAR    = 1964,
  PAGES   = "69",
}

@ARTICLE{64a1eBrMi,
  AUTHOR  = "{V.B.Braginsky, I.I.Minakova}",
  TITLE   = "",
  JOURNAL = "Vestnik Moskovskogo Universiteta, Seriya 3",
  NUMBER  = 1,
  YEAR    = 1964,
  PAGES   = "69",
  ALTERNATIVE = "V. B. Braginsky, I. I. Minakova",
  NOTE    = "{\em in Russian}"
}

@ARTICLE{65a1Br,
  AUTHOR  = "{В. Б. Брагинский}",
  TITLE   = "Чувствительные весы с радиотехнической системой регистрации и калибровки.",
  JOURNAL = VMU,
  NUMBER  = 2,
  YEAR    = 1965,
  PAGES   = "65-70",
  ALTERNATIVE = "V. B. Braginsky"
}

@ARTICLE{65a2Br,
  AUTHOR  = "{В. Б. Брагинский}",
  TITLE   = "Гравитационное излучение и перспективы его экспериментального обнаружения.",
  JOURNAL = UFN,
  VOLUME  = 86,
  NUMBER  = 3,
  YEAR    = 1965,
  PAGES   = "434-446",
  ALTERNATIVE = "V. B. Braginsky"
}

@ARTICLE{65a1BrMiSt,
  AUTHOR  = "{В. Б. Брагинский, И.И.Минакова, П.М.Степунин}",
  TITLE   = "Абсолютное измерение энергии и мощности по электромагнитному давлению в оптическом диапазоне длин волн.",
  JOURNAL = PTE,
  NUMBER  = 3,
  YEAR    = 1965,
  PAGES   = "183-187",
  ALTERNATIVE = "V. B. Braginsky, I.I.Minakova, P.M.Stepunin"
}

@ARTICLE{65a3Br,
  AUTHOR  = "{В. Б. Брагинский}",
  TITLE   = "Об источнике сигналов с узкой естественной шириной линии.",
  JOURNAL = RE,
  VOLUME  = 10,
  NUMBER  = 8,
  YEAR    = 1965,
  PAGES   = "1535-1537",
  ALTERNATIVE = "V. B. Braginsky"
}

@ARTICLE{67a1Br,
  AUTHOR  = "{В. Б. Брагинский}",
  TITLE   = "???",
  JOURNAL = "ЖЭТФ",
  VOLUME  = "???",
  YEAR    = 1967,
  PAGES   = "??"
}

@ARTICLE{67a1eBr,
  AUTHOR  = "{V.B.Braginsky}",
  TITLE   = "???",
  JOURNAL = "Sov.\,Phys.\,JETP",
  VOLUME  = "26",
  YEAR    = 1968,
  PAGES   = "831"
}

@ARTICLE{64a1BrMi,
  AUTHOR  = "{В.Б.Брагинский, А.В.Манукин}",
  TITLE   = "???",
  JOURNAL = "ЖЭТФ",
  VOLUME  = "52",
  YEAR    = 1967,
  PAGES   = "986"
}

@ARTICLE{67a1eBrMa,
  AUTHOR  = "{V.B.Braginsky, A.B.Manukin}",
  TITLE   = "???",
  JOURNAL = JETP,
  VOLUME  = "25",
  YEAR    = 1967,
  PAGES   = "653"
}

@ARTICLE{70a1BrMaTi,
  AUTHOR  = "{В.Б.Брагинский, А.В.Манукин}",
  TITLE   = "???",
  JOURNAL = "ЖЭТФ",
  VOLUME  = "58",
  YEAR    = 1970,
  PAGES   = "1550"
}

@ARTICLE{70a1eBrMaTi,
  AUTHOR  = "{V.B.Braginsky, A.B.Manukin}",
  TITLE   = "???",
  JOURNAL = ZhETFe,
  VOLUME  = "58",
  YEAR    = 1970,
  PAGES   = "1550",
  NOTE    = "{\em in Russian}"
}

@book{72BookBr,
    author  =   "{V.B. Braginskii}",
    title   =   "Physical experiments with test bodies",
    publisher   =   "National Aeronautics and Space Administration, NASA technical translation: F-672",
    year    =   1972
}

@ARTICLE{74a1BrVo,
  AUTHOR = "{В.Б.Брагинский, Ю.И.Воронцов}",
  TITLE = "",
  JOURNAL = UFN,
  VOLUME = 114,
  YEAR = 1974,
  PAGES = "41-53",
}

@ARTICLE{74a1eBrVo,
  author  = "{V.B. Braginsky and Yu.I. Vorontsov}",
  journal = "{Sov. Phys. Usp.}",
  volume  = 17,
  pages   = 644,
  year    = 1975
}.

@ARTICLE{75a1VyPl,
  AUTHOR  = "{С. П. Вятчанин и Г. С. Плотников}",
  TITLE   = "О возможной форме импульсов гравитационного излучения",
  JOURNAL = "Астрономический журнал",
  VOLUME  = 52,
  YEAR    = 1975,
  PAGES   = "527-529",
ALTERNATIVE = "S. P. Vyatchanin, G. S. Plotnikov,
	On possbile tepmlate of pulses of gravitational radiation,
	Astronomicheskiy Zhurnal,
	{\bf 52}, 527-529 (1975) {\em (in Russian)}"
}

@ARTICLE{76a1KhVo,
  AUTHOR = "{Ю. И. Воронцов, Ф. Я. Халили}",
  TITLE = "О предельной чувствительности детекторов гравитационных волн",
  JOURNAL = VMU,
  VOLUME = 17,
  YEAR = 1976,
  PAGES = "205-208",
  ALTERNATIVE = "Yu.I.Vorontsov, F.Ya.Khalili, On the limit sensitivity of
    gravitational-wave detectors, Vestnik Moskovskogo Universiteta, series 3,
    \#2 (1976) 205-208 (in Russian)"
}

@ARTICLE{77a1Vy,
  AUTHOR  = "{С. П. Вятчанин}",
  TITLE   = "Об эффективном охлаждении квантовых систем",
  JOURNAL = DAN,
  VOLUME  = 234,
  YEAR    = 1977,
  PAGES   = "1295-1297",
ALTERNATIVE = "S. P. Vyatchanin,
	On effective cooling of quantum systems,
	Doklady AN SSSR,
	{\bf  234}, 1295-1297 (1977) {\em (in Russian)}"
}

@ARTICLE{77a1BrKhVo,
  AUTHOR = "{В. Б. Брагинский, Ю. И. Воронцов, Ф. Я. Халили}",
  TITLE = "Квантовые особенности пондеромоторного измерителя электромагнитной энергии",
  JOURNAL = ZhETF,
  VOLUME = 73,
  YEAR = 1977,
  PAGES = "1340-1343",
  ALTERNATIVE = "V.B.Braginsky,Yu.I.Vorontsov, F.Ya.Khalili, Quantum features
    of the pondermotive meter of electromagnetic energy, Zh.Eksp.Teor.Phys
    73 (1977) 1340-1343 (in Russian)"
}

@ARTICLE{77a1eBrKhVo,
  AUTHOR = "{V.B.Braginsky, Yu.I.Vorontsov, F.Ya.Khalili}",
  TITLE = "Quantum features of the pondermotive meter of electromagnetic energy",
  JOURNAL = "Sov.\,Phys.\,JETP",
  VOLUME = 46,
  YEAR = 1977,
  PAGES = 705,
}

@book{77BookBrMa,
  author = "{V.B.Braginsky and A. B. Manukin}",
  title  = "Measurement of Weak Forces in Physics Experiments",
  publisher = "Univ. of Chicago Press, Chicago",
  year = 1977,
  pages = 166
}

@ARTICLE{78a1BrVy,
  AUTHOR  = "{В. Б. Брагинский, С. П. Вятчанин}",
  TITLE   = "Гравитационные волны и предельная стабильность частоты
		автогенераторов",
  JOURNAL = ZhETF,
  VOLUME  = 74,
  YEAR    = 1978,
  PAGES   = "828-832",
ALTERNATIVE = "V. B. Braginsky and S. P. Vyatchanin,
	Gravitational waves and limit stability of frequency of
	self-sustained oscillators,
	ZhETF, {\bf 74}, 828-832 (1978) {\em (in Russian)}"
}

@ARTICLE{78a1BrKhVo,
  AUTHOR = "{В. Б. Брагинский, Ю. И. Воронцов, Ф. Я. Халили}",
  TITLE =  "Оптимальные квантовые измерения в детекторах гравитационного излучения",
  JOURNAL = PZhETF,
  VOLUME = 27,
  YEAR = 1978,
  PAGES = "296-301",
  ALTERNATIVE = "V.B.Braginsky, Yu.I.Vorontsov, F.Ya.Khalili, Optimal
    quantum measurements in gravitational-wave detectors'', Pisma v
    Zh.Eksp.Teor.Phys, 27 (1978) 296-301 (in Russian)"
}


@ARTICLE{78a1eBrKhVo,
  AUTHOR = "{V.B.Braginsky, Yu.I.Vorontsov, F.Ya.Khalili}",
  TITLE =  "Optimal quantum measurements in gravitational-wave detectors",
  JOURNAL = "Sov.\,Phys.\,JETP-Lett.",
  VOLUME = 33,
  YEAR = 1978,
  PAGES = 405
}

@ARTICLE{79a1BrVyPa,
  AUTHOR  = "{В. Б. Брагинский, С. П. Вятчанин  и В. И. Панов}",
  TITLE   = "О предельной стабильности частоты автогенераторов",
  JOURNAL = DAN,
  VOLUME  = 247,
  YEAR    = 1979,
  PAGES   = "583-586",
ALTERNATIVE = "V. B. Braginsky, S. P. Vyatchanin and V. I. Panov,
	On limit stability of frequency of
	self-sustained oscillators,
	Doklady AN SSSR,
	{\bf 247}, 583-586 (1979) {\em (in Russian)}"
}

@ARTICLE{79a1eBrVyPa,
  AUTHOR  = "{V.B.Braginsky, S.P.Vyatchanin and V.I.Panov}",
  TITLE   = "On limit stability of frequency of self-sustained oscillators",
  JOURNAL = "Doklady AN SSSR",
  VOLUME  = 247,
  YEAR    = 1979,
  PAGES   = "583-586",
  NOTE    = "{\em in Russian}"
}

@ARTICLE{79a2Vy,
  AUTHOR  = "{С. П. Вятчанин}",
  TITLE   = "О свойствах сверхкогерентных состояний",
  JOURNAL = VMU,
  VOLUME  = 20,
  YEAR    = 1979,
  PAGES   = "103-106",
ALTERNATIVE = "S. P. Vyatchanin,
	About properties of super coherent states,
	Vestnik of Moscow University, ser. 3, physics and astronomy,
	{\bf  20},  103-106 (1979) {\em (in Russian)}"
}

@Article{ 80a1BrThVo,
  title = "Quantum Nondemolition Measurements",
  author = "Vladimir B. Braginsky and Yuri I. Vorontsov and Kip S. Thorne",
  journal = "Science",
  volume = "209",
  number = "4456",
  pages = "547",
  year = "1980",
  month = "Aug",
  doi = "10.1126/science.209.4456.547",
  abstract = "Some future gravitational-wave antennas will be cylinders of mass $\sim100$ kilograms, whose end-to-end vibrations must be measured so accurately ($10^{--19}$ centimeter) that they behave quantum mechanically. Moreover, the vibration amplitude must be measured over and over again without perturbing it (quantum nondemolition measurement). This contrasts with quantum chemistry, quantum optics, or atomic, nuclear, and elementary particle physics, where one usually makes measurements on an ensemble of identical objects and does not care whether any single object is perturbed or destroyed by the measurement. This article describes the new electronic techniques required for quantum nondemolition measurements and the theory underlying them. Quantum nondemolition measurements may find application elsewhere in science and technology."
}

@ARTICLE{80a1VyLoOv,
  AUTHOR  = "{С. П. Вятчанин, А. В. Логинов и А. А. Оводов}",
  TITLE   = "Об оптимизации некоторых методов измерения низких температур",
  JOURNAL = VMU,
  VOLUME  = 21,
  YEAR    = 1980,
  PAGES   = "52-59",
ALTERNATIVE = "S. P. Vyatchanin, A. V. Loginov and A.A. Ovodov,
	About optimization of some methods of measurements of low temperatures,
	Vestnik of Moscow University, ser. 3, physics and astronomy,
	{\bf 21}, стр. 52-59 (1980) {\em (in Russian)}"
}

@ARTICLE{80a2BrVy,
  AUTHOR  = "{В. Б. Брагинский и С. П. Вятчанин}",
  TITLE   = "О высокодобротных диэлектрических резонаторах",
  JOURNAL = DAN,
  VOLUME  = 252,
  YEAR    = 1980,
  PAGES   = "584-585",
ALTERNATIVE = "V. B. Braginsky and S. P. Vyatchanin,
	About dielectrical resonators with high quality factor,
	Doklady AN SSSR, {\bf 252}, 584-585 (1980) {\em (in Russian)}"
}


@ARTICLE{80a1KhVo,
  AUTHOR = "{Ю. И. Воронцов, Ф. Я. Халили}",
  TITLE = "Оптимальный режим емкостного датчика в детекторах гравитационоого излучения",
  JOURNAL = VMU,
  VOLUME = 21,
  YEAR = 1980,
  PAGES = "24-29",
  ALTERNATIVE = "Yu.I.Vorontsov, F.Ya.Khalili, The optimal regime of capacity
    transducer in gravitational-wave detectors'', Vestnik Moskovskogo
    Universiteta, series 3, \#1 (1980) 24-29 (in Russian)"
}

@ARTICLE{80a1BrKh,
  AUTHOR = "{В. Б. Брагинский, Ф. Я. Халили}",
  TITLE = "Оптико-магнитные эффекты и невозмущающий счет квантов",
  JOURNAL = ZhETF,
  VOLUME = 78,
  YEAR = 1980,
  PAGES = "1712-1717",
  ALTERNATIVE = "V.B.Braginsky, F.Ya.Khalili, Optical-magnetic effects and
    non-demolition quanta counting, Zh.Eksp.Teor.Phys 78 (1980) 1712-1717 (in
    Russian)"
}

@INPROCEEDINGS{80p1KhPa,
  AUTHOR = "{V.I.Panov, F.Ya.Khalili}",
  TITLE = "A means of enhancing sensitivity in the gravitational - wave experiment",
  BOOKTITLE = "Proceedings of GR-9, Yena",
  YEAR = 1980,
  PAGES = "397-398"
}

@ARTICLE{81a1Kh,
  AUTHOR = "{Ф. Я. Халили}",
  TITLE = "О предельных возможностях квантовых измерительных устройств",
  JOURNAL = VMU,
  VOLUME = 22,
  YEAR = 1981,
  PAGES = "37-42",
  ALTERNATIVE = "F.Ya.Khalili, On the limit capabilities of quantum measuring
    devices, Vestnik Moskovskogo Universiteta, series 3, \#1 (1981) 37-42 (in
    Russian)"
}

@ARTICLE{81a1BrVy,
  AUTHOR  = "{В. Б. Брагинский и С. П. Вятчанин}",
  TITLE   = "О неразрушающем измерении энергии оптических квантов",
  JOURNAL = DAN,
  VOLUME  = 259,
  YEAR    = 1981,
  PAGES   = "570-572",
ALTERNATIVE = " V. B. Braginsky and S. P. Vyatchanin,
	About nondemolition measurements of energy of optical quanta,
	Doklady AN SSSR,
	{\bf 259}, 570-572 (1981) {\em (in Russian)}"
}

@ARTICLE{82a1BrVy,
  AUTHOR  = "{В. Б. Брагинский и С. П. Вятчанин}",
  TITLE   = "О неразрушающем измерении СВЧ квантов на реактивных
		нелинейностях",
  JOURNAL = DAN,
  VOLUME  = 264,
  YEAR    = 1982,
  PAGES   = "1136-1138",
ALTERNATIVE = "V. B. Braginsky and S. P. Vyatchanin,
	About nondemolition measurements of microwave quanta,
	Doklady AN SSSR,
	{\bf 264}, 1136-1138 (1982) {\em (in Russian)}"
}

@ARTICLE{82a1KhVo,
  AUTHOR = "{Ю. И. Воронцов, Ф. Я. Халили}",
  TITLE = "Обнаружение воздействия на осциллятор путем измерения интеграла его координаты",
  JOURNAL = ZhETF,
  VOLUME = 82,
  YEAR = 1982,
  PAGES = "72-76",
  ALTERNATIVE = "Yu.I.Vorontsov, F.Ya.Khalili, Detection of external force on
   oscillator by measurement its coordinate integral, Zh.Eksp.Teor.Phys 82
   (1982) 72-76 (in Russian)"
}

@ARTICLE{82a2KhVo,
  AUTHOR = "{Ю. И. Воронцов, Ф. Я. Халили}",
  TITLE = "Квантово-механические ограничения в классическом анализе схем с усилителями",
  JOURNAL = "Радиотехника и Электроника",
  VOLUME = 27,
  YEAR = 1982,
  PAGES = "2392-2398",
  ALTERNATIVE = "Yu.I.Vorontsov, F.Ya.Khalili, Quantum-mechanical limitations in
   classical analysis of schemes with amplifiers, Radiotehnika i Electronika,
   27 (1982) 2392-2398 (in Russian)"
}

@ARTICLE{83a1VyTi,
  AUTHOR  = "{С. П. Вятчанин  и A. Б. Тимашев}",
  TITLE   = "Простой метод измерения высоких
		добротностей СВЧ резонаторов",
  JOURNAL = "ПТЭ",
  VOLUME  = 4,
  YEAR    = 1983,
  PAGES   = "145-146",
ALTERNATIVE = "S. P. Vyatchanin and A. B. Timashev,
	Sipmle method of measurement of high quality factor of
	microvawe resonators,
	Probori i tekhnika eksperimenta,
	No.4, 145-146 (1983) {\em (in Russian)}"
}

@ARTICLE{83a2BrVy,
  AUTHOR  = "{V. B. Braginsky and S. P. Vyatchanin}",
  TITLE   = "On the {QND} measurement of energy by Josephson junction",
  JOURNAL = "IEEE Trans.  on Magnet.",
  VOLUME  = 19,
  YEAR    = 1983,
  PAGES   = "570-572"
}

@ARTICLE{83a3BrVy,
  AUTHOR  = "{V. B. Braginsky and S. P. Vyatchanin}",
  TITLE   = "On the {QND} measurement of energy of optical quanta",
  JOURNAL = "Quantum optics, experimental gravitation и theory of measurement,
	NATO Adv.  Sc.  Instr.  Ser.",
  YEAR    = 1983
}

@ARTICLE{83a4Vy,
  AUTHOR  = "{С. П. Вятчанин}",
  TITLE   = "О непрерывном измерении координаты нелинейного осциллятора",
  JOURNAL = DAN,
  VOLUME  = 272,
  YEAR    = 1983,
  PAGES   = "341-344",
ALTERNATIVE = "S. P. Vyatchanin,
	On continious measurement of position of nonlinear oscillator,
	Dokladi AN SSSR,
	{\bf 272}, 341-344 (1983) {\em (in Russian)}"
}

@ARTICLE{83a1Kh,
  AUTHOR = "{Ф. Я. Халили}",
  TITLE = "О предельной чувствительности квантовых пробных систем",
  JOURNAL = VMU,
  VOLUME = 24,
  YEAR = 1983,
  PAGES = "17-20",
  ALTERNATIVE = "F.Ya.Khalili, On the limit sensitivity of the quantum test
    bodies, Vestnik Moskovskogo Universiteta, series 3, \#3 (1983) 17-20 (in
    Russian)"
}

@ARTICLE{83a1BrKh,
  AUTHOR = "{В. Б. Брагинский, Ф. Я. Халили}",
  TITLE = "Квантовые измерения и надежность передачи информации",
  JOURNAL = ZhETF,
  VOLUME = 84,
  YEAR = 1983,
  PAGES = "1930-1936",
  ALTERNATIVE = "V.B.Braginsky, F.Ya.Khalili, Quantum measurements and
    reliability of information transfer, Zh.Eksp.Teor.Phys 84 (1983) 1930-1936
    (in Russian)"
}


@ARTICLE{85a1BrVy,
  AUTHOR  = "{В. Б. Брагинский и С. П. Вятчанин}",
  TITLE   = "О нелинейных емкостях на остриях",
  JOURNAL = DAN,
  VOLUME  = 282,
  YEAR    = 1985,
  PAGES   = "1343-1344",
ALTERNATIVE = "V. B. Braginsky and S. P. Vyatchanin,
	About nonlinear capacities using spikes,
	Dokladi AN SSSR,
	{\bf 282}, 1343-1344 (1985) {\em (in Russian)}"
}

@ARTICLE{85a1KhVo,
  AUTHOR = "{Ю. И. Воронцов, Ф. Я. Халили}",
  TITLE = "Неопределенность энергии связи - необходимое условие обнаружимого взаимодействия тел",
  JOURNAL = VMU,
  VOLUME = 26,
  YEAR = 1985,
  PAGES = "3-8",
  ALTERNATIVE = "Yu.I.Vorontsov, F.Ya.Khalili, Uncertainty of the interaction
    energy is a necessary condition for detection of the interaction of bodies,
    Vestnik Moskovskogo Universiteta, series 3, \#3 (1985) 3-8 (in Russian)"
}

@ARTICLE{86a1Vy,
  AUTHOR  = "{С. П. Вятчанин}",
  TITLE   = "Точный гамильтониан для квантового нелинейного
		осциллятора с линейным затуханием произвольной величины",
  JOURNAL = DAN,
  VOLUME  = 286,
  YEAR    = 1986,
  PAGES   = "1379-1381",
ALTERNATIVE = "S. P. Vyatchanin,
	Exact hamiltonian for quantum nonlinear oscillator
	with arbitrary level of losses,
	Doklady AN SSSR, {\bf 286}, 1379-1381 (1986){\em (in Russian)}."
}

@ARTICLE{86a1Kh,
  AUTHOR = "{Ф. Я. Халили}",
  TITLE = "Чувствительность пробного осциллятора при непрерывном слежении за числом",
  JOURNAL = VMU,
  VOLUME = 27,
  YEAR = 1986,
  PAGES = "19-21",
  ALTERNATIVE = "F.Ya.Khalili, Sensitivity of test oscillator under continious
    monitoring of the number of quanta, Vestnik Moskovskogo Universiteta,
    series 3, \#2 (1986)  (in Russian)"
}

@ARTICLE{86a1BrKh,
  AUTHOR = "{V. B. Braginsky, F. Ya. Khalili}",
  TITLE = "How to Evade the Confrontation with the Uncertainty Relations",
  JOURNAL = "Foundations of Physics",
  VOLUME = 16,
  YEAR = 1986,
  PAGES = "379-382"
}

@ARTICLE{87a1Kh,
  AUTHOR = "{Ф. Я. Халили}",
  TITLE = "Предел чувствительности при непрерывном слежении за координатой квантовой пробной системы",
  JOURNAL = DAN,
  VOLUME = 294,
  YEAR = 1987,
  PAGES = "602-604"
}

@ARTICLE{87a1eKh,
  AUTHOR = "{F.Ya.Khalili}",
  TITLE = "",
  JOURNAL = "Doklady Akademii Nauk",
  VOLUME = 294,
  YEAR = 1987,
  PAGES = "602-604",
  NOTE = "(see also \cite{92BookBrKh}, Chapter 8)"
}

@ARTICLE{88a2BrVy,
  AUTHOR  = "{V. B. Braginsky and S. P. Vyatchanin}",
  TITLE   = "Quadratic scattering of an electron for {QND} measurement of energy",
  JOURNAL = PLA,
  VOLUME  = 132,
  YEAR    = 1988,
  PAGES   = "286-288"
}

@ARTICLE{88a1BuVy,
  AUTHOR  = "{Ф. П. Булыгин  и С. П. Вятчанин}",
  TITLE   = "Измерение нелинейности жидких диэлектриков в субмикронных зазорах",
  JOURNAL = VMU,
  VOLUME  = 29,
  YEAR    = 1988,
  PAGES   = "84-82",
ALTERNATIVE = "F. P. Buligin and S. P. Vyatchanin,
	Measurement of nonlinearity of liquid dielictrics in submicron
	clearences,
	Vestnik of Moscow University, ser. 3, physics and astronomy,
	{\bf 29}, 84-82 (1988) {\em (in Russian)}"
}

@ARTICLE{88a1GoIlSa,
  AUTHOR  = "{М.Л.Городецкий, В.C.Ильченко и C.Е.Саава}",
  TITLE   = "Слабое поглощение миллиметровых волн и прыжковая проводимость в нелегированном
    кремнии",
  JOURNAL = "Физика и техника полупроводников",
  VOLUME  = 22,
  NUMBER = 11,
  YEAR = 1988,
  PAGES = "2080-2083",
  ALTERNATIVE = "M.L.Gorodetsky, V.S.Ilchenko, S.Ye.Saava",
}

@ARTICLE{88a1Kh,
  AUTHOR = "{Ф. Я. Халили}",
  TITLE = "Квантовый парадокс Зенона при измерениях с конечной точностью",
  JOURNAL = VMU,
  VOLUME = 29,
  YEAR = 1988,
  PAGES = "13-17",
  ALTERNATIVE = "F.Ya.Khalili, Quantum Zeno paradox for the finite precision
    measurements, Vestnik Moskovskogo Universiteta, series 3, \#5 (1988) 13-17
    (in Russian)"
}

@ARTICLE{88a1BrKh,
  AUTHOR = "{В. Б. Брагинский, Ф. Я. Халили}",
  TITLE = "Частотно-антикоррелированные квантовые состояния",
  JOURNAL = ZhETF,
  VOLUME = 94,
  YEAR = 1988,
  PAGES = "151-158",
  ALTERNATIVE = "V.B.Braginsky, F.Ya.Khalili, Frequency-anticoorelated
    quantum states, Zh.Eksp.Teor.Phys 94 (1988) 151-158  (in Russian)"
}

@ARTICLE{89a1BrVy,
  AUTHOR  = "{В. Б. Брагинский и С. П. Вятчанин}",
  TITLE   = "Квадратичное рассеяние электрона на монофотонном состоянии",
  JOURNAL = DAN,
  VOLUME  = 307,
  YEAR    = 1989,
  PAGES   = "96-98",
ALTERNATIVE = "V. B. Braginsky and S. P. Vyatchanin,
	Quadratic scattering of electron on monophotonic state,
	Sov. Phys. Dokl., {\bf  34}, No.7, 626-627 (1989))"
}

@ARTICLE{89a1BrGoIl,
  AUTHOR  = "{V.B.Braginsky, M.L.Gorodetsky, V.S.Ilchenko}",
  TITLE   = "Quality-factor and nonlinear properties of optical whispering-gallery modes",
  JOURNAL = PLA,
  VOLUME  = 137,
  YEAR = 1989,
  PAGES = "393-397",
  ABSTRACT = "The properties of optical resonators with quality-factor Q>10^8,
    effective volume of e.m. field localization V=10^{-9}cm^3 and
    threshold power of optical bistability W<10^{-5}W are described.
    The prospects to reduce V and W are discussed. With possible reduction
    of controlling energy of optical switching down to a single quantum and
    employment of the monophotonic states of light, the whispering-gallery
    microresonators can open the way to realize R.P.Feynman's
    quantum-mechanical computer.",
}

@ARTICLE{89a1Kh,
  AUTHOR = "{Ф. Я. Халили}",
  TITLE = "Высокодобротные резонаторы и квантовые невозмущающие измерения",
  JOURNAL = VMU,
  VOLUME = 30,
  YEAR = 1989,
  PAGES = "3-7",
  ALTERNATIVE = "F.Ya.Khalili, High-Q resonators and quantum
    non-demolition measurements, Vestnik Moskovskogo Universiteta, series 3, \#4
    (1989) 3-7  (in Russian)"
}

@ARTICLE{89a1BiMiOh,
  AUTHOR  = "{И. А. Биленко ,В. П. Митрофанов ,О. А. Охрименко }",
  TITLE   = "Релаксация  упругих деформаций в металлах при малых натяжениях.",
  JOURNAL = VMU,
  VOLUME  = 30,
  YEAR    = 1989,
  PAGES   = "90-91",
  ALTERNATIVE = "Bilenko IA, Mitrofanov VP, Okhrimenko OA Relaxation
of elastic strain in metals under low stress VESTN MOSK U FIZ AS+
{\bf 30} (5) 90-91 SEP-OCT (1989) {\bf 52}, 527-529 (1975)"
}

@ARTICLE{89a2BiMi,
  AUTHOR  = "{И. А. Биленко ,В. П. Митрофанов}",
  TITLE   = "Система прецизионного измерения резонансной частоты колебательного контура. ",
  JOURNAL = "Измерительная Техника ",
  NUMBER  = 9,
  YEAR    = 1989,
  PAGES   = "43-44",
  ALTERNATIVE = "Bilenko IA, Mitrofanov VA System for
precision-measurement of the resonance frequency of an LC circuit
MEAS TECH+ 32: (9) 905-906 SEP 1989"
}

@ARTICLE{90a1BrGoIl,
  AUTHOR  = "{В.Б.Брагинский, М.Л.Городецкий, В.С.Ильченко}",
  TITLE   = "Оптические микрорезонаторы с модами шепчущей галереи",
  JOURNAL = UFN,
  VOLUME  = 160,
  YEAR = 1990,
  PAGES = "157-159",
  ALTERNATIVE = "V.B.Braginsky, M.L.Gorodetsky, V.S.Ilchenko",
}

@ARTICLE{90a1Vy,
  AUTHOR  = "{С. П. Вятчанин}",
  TITLE   = "Квантовое невозмущающее измерение фотонов в
		схеме квадратичного рассеяния электронов",
  JOURNAL = VMU,
  VOLUME  = 35,
  YEAR    = 1990,
  PAGES   = "41-47",
ALTERNATIVE = "S. P. Vyatchanin,
	QND measurement of photon energy in scheme of quadratic scattering
	of electron,
	Moscow Univ.   Phys.  Bull. ,
	{\bf 45}, N 5, 40-45 (1990))"
}

@ARTICLE{90a1BrKh,
  AUTHOR = "{V. B. Braginsky, F. Ya. Khalili}",
  TITLE = "Gravitational wave antenna with QND speed meter",
  JOURNAL = PLA,
  VOLUME = 147,
  YEAR = 1990,
  PAGES = "251-256"
}

@ARTICLE{90a1KhSl,
  AUTHOR = "{Е.К.Слива, Ф. Я. Халили}",
  TITLE = "Чувствительность квантового пробного осциллятора при ограниченном времени измерения",
  JOURNAL = VMU,
  VOLUME = 31,
  YEAR = 1990,
  PAGES = "40-44",
  ALTERNATIVE = "E.K.Sliva, F.Ya.Khalili, Sensitivity of quantum probe
    oscillator under the limited duration of the measurment, Vestnik
    Moskovskogo Universiteta, series 3, \#6 (1990) 40-44 (in Russian)"
}

@ARTICLE{90a1BiMiOh,
  AUTHOR  = "{И. А. Биленко ,В. П. Митрофанов ,О. А. Охрименко }",
  TITLE   = "Проявление неупругости в металлах при малых деформациях.",
  JOURNAL = "Письма в ЖЭТФ",
  VOLUME  = 51,
  YEAR    = 1990,
  PAGES   = "532-535",
  ALTERNATIVE = "Bilenko IA, Mitrofanov VP, Okhrimenko OA
Manifestation of Inelasticity in metals during slight deformation
JETP LETT+ 51: (10) 604-607 MAY 25 1990"
}

@ARTICLE{91a1VyZu,
  AUTHOR  = "{С. П. Вятчанин  и Е. А. Зубова}",
  TITLE   = "Логические элементы на одиночных
		электронах для квантовомеханического компьютера",
  JOURNAL = VMU,
  VOLUME  = 32,
  YEAR    = 1991,
  PAGES   = "37-42"
}

@ARTICLE{91a1eVyZu,
  AUTHOR  = "{S.P. Vyatchanin and E.A. Zubova}",
  TITLE   = "Logic elements on single electrons for quantum computer",
  JOURNAL = "Moscow Univ. Phys. Bull.",
  VOLUME  = 46,
  YEAR    = 1991,
  PAGES   = "56-60"
}

@ARTICLE{91a2BrVy,
  AUTHOR  = "{В. Б. Брагинский и С. П. Вятчанин}",
  TITLE   = "Разрешение в измерениях с
		помощью диэлектрического резонатора",
  JOURNAL = DAN,
  VOLUME  = 320,
  YEAR    = 1991,
  PAGES   = "861-863",
ALTERNATIVE = "V. B. Braginsky and S. P. Vyatchanin,
	Accuracy in measurements using dielectric resonator,
	Sov.  Phys.  Dokl. , {\bf 36}, No. 10, 696-697 (1991)"
}

@ARTICLE{91a1BrKh,
  AUTHOR = "{V. B. Braginsky, F. Ya. Khalili}",
  TITLE = "Friction and fluctuations produced by the quantum ground state",
  JOURNAL = PLA,
  VOLUME = 161,
  YEAR = 1991,
  PAGES = "197-201"
}

@ARTICLE{92a1GoIl,
  AUTHOR  = "{M.L.Gorodetsky, V.S.Ilchenko}",
  TITLE   = "Thermal nonlinear effects in optical whispering-gallery microresonators",
  JOURNAL = "Laser Physics",
  VOLUME  = 2,
  YEAR = 1992,
  NUMBER = 6,
  PAGES = "1004-1009",
  ABSTRACT = "High-Q whispering-gallery microresonators proposed for
    employment in quantum-nondemolition (QND) photon-number
    measurements via optical Kerr effect, exhibit complex nonlinear
    behavior. This includes two types of thermal nonlinearity,
    multistability and low-frequency oscillations, at low level of
    pump power  10 W. Thermal nonlinearity of optical whispering-gallery
    modes in fused silica microresonators has been investigated experimentally
    using mode cross-modulation technique, with pulse modulation of signal
    pump beam and $10^{-10}$ resolution in the frequency shift of probe mode.
    Results of the experiment are in good agreement with theoretical analysis
    based on the account of mode field configuration. Conditions for realization
    of QND photon-number measurements determined by thermal nonlinearity are
    outlined.",
}

@ARTICLE{92a1GoVyIl,
  AUTHOR  = "{М. Л. Городецкий, С. П. Вятчанин и В. С. Ильченко}",
  TITLE   = "Перестраиваемые узкополосные оптические фильтры с модами типа
             шепчущей галереи",
  JOURNAL = "Журнал прикладной спектроскопии",
  VOLUME  = 56,
  YEAR    = 1992,
  NUMBER  = 2,
  PAGES   = "274-280",
  ALTERNATIVE = "M. L. Gorodetsky, S. P. Vyatchanin and V. S. Ilchenko,
	Tunable narrowband optical filters with whispering gallery modes,
	Sov. Phys.: Applied Spectroscopy, {\bf 56}, 274-280 (1992)",
  ABSTRACT = "A new type of narrow-band optical filters based on spherical
    microresonators with the ``whispering gallery''-type modes is proposed.
    Realized is the relative bandwidth of the whispering-gallery modes from
    $1\times10^{-6}$ to $1\times10^{-9}$ at $\lambda=0.63\mu m$ and to
    $1\times10^{-8}$ at $\lambda=1.15\mu m$ with fused quartz microresonators.
    The 0.1\% tuning of mode frequencies in glass microresonators with the
    relative mode bandwidth to $5\times10^{-8}$ at $\lambda=0.63\mu m$ is
    demonstrated. The analysis of characteristics of a prism-type coupler
    for the high-Q whispering-gallery modes is presented; the conditions for
    realization of the 100\% coupling to optimal Gauss-Hermitian beams are
    formulated."
}


@BOOK{92BookBrKh,
  AUTHOR    =  "{V.B.Braginsky, F.Ya.Khalili}",
  TITLE     = "Quantum Measurement",
  PUBLISHER = "Cambridge University Press",
  YEAR      = 1992,
  PAGES     = 200,
}

OC@INBOOK{92BookBrKh_V,
  AUTHOR    =  "{V.B.Braginsky, F.Ya.Khalili}",
  TITLE     = "Quantum Measurement",
  PUBLISHER = "Cambridge University Press",
  CHAPTER   = "V",
  YEAR      = 1992,
  PAGES     = "64",
}

@ARTICLE{92a1BrKh,
  AUTHOR = "{V. B. Braginsky, F. Ya. Khalili}",
  TITLE = "The redistribution and the dispertion of the energy of the quantum ground state",
  JOURNAL = PLA,
  VOLUME = 167,
  YEAR = 1992,
  PAGES = "1-5"
}

@ARTICLE{92a1BrMiOk,
  AUTHOR = "{V.B.Braginsky, V.P.Mitrofanov, O.A.Okhrimenko}",
  TITLE = "",
  JOURNAL = "JETP Lett.",
  VOLUME = 55,
  YEAR = 1992,
  PAGES = "432"
}

@ARTICLE{93a1BrGoIl,
  AUTHOR  = "{V.B.Braginsky, M.L.Gorodetsky, V.S.Ilchenko}",
  TITLE   = "Optical whispering-gallery microresonators",
  JOURNAL = SPIE,
  VOLUME  = 2097,
  YEAR = 1993,
  PAGES = 283,
  ABSTRACT = "Quality-factor $2.5\times10^9$ at the wavelength
    $\lambda=0.63\mu m$ is reported in $\sim100\mu m$ spherical resonators of
    fused silica with whispering-gallery modes (equivalent finesse $F=2.5*10^6$).
    Quality-factor $3\times10^7$ and effective thermal tunability of modes (up to 0.1\%)
    is demonstrated in whispering-gallery microresonators of optical glass. Dispersive
    bistability and other nonlinear effects are observed at the level of input power
    about tens of microwatts. Nonlinear properties of optical whispering-gallery
    modes are investigated by mode cross-modulation technique. Prospects of
    applications in linear signal processing and quantum-nondemolition
    measurements are outlined.",
}

@ARTICLE{93a1VyZu,
  AUTHOR  = "{С. П. Вятчанин  и Е. А. Зубова}",
  TITLE   = "Обратимые логические
		элементы на одиночных электронах для квантового компьютера",
  JOURNAL = "Оптика и спектроскопия",
  VOLUME  = 74,
  YEAR    = 1993,
  PAGES   = "917-920",
ALTERNATIVE = "S. P. Vyatchanin and E. A. Zubova,
	Reversable logic elements on single electrons for quantum computer,
	Optika i Spektroskopiya, {\bf 74},  No. 5, 917-920 (1993)"
}

@ARTICLE{93a1VyMa,
  AUTHOR  = "{С. П. Вятчанин  и А. Б. Мацко}",
  TITLE   = "Квантовое невозмущающее измерение числа фатонов и энергии
	нулевых колебаний в схеме квадратичного рассеяния электрона",
  JOURNAL = VMU,
  VOLUME  = 34,
  YEAR    = 1993,
  PAGES   = "37-42",
ALTERNATIVE = "S. P. Vyatchanin and A. B. Matsko,
	Quantum nondemolition measurement of photon number in scheme
	of quadratic scattering of electron,
	Moscow Univ.   Phys.   Bull. , 	{\bf 48} No. 5 32-36 (1993))"
}

@ARTICLE{93a2VyMa,
  AUTHOR  = "{С. П. Вятчанин  и А. Б. Мацко}",
  TITLE   = "Квантовый предел измерения силы",
  JOURNAL = "ЖЭТФ",
  VOLUME  = 104,
  YEAR    = 1993,
  PAGES   = "2668-2675",
  ALTERNATIVE = "S. P. Vyatchanin and A. B. Matsko,
	Quantum limit of force measurement, JETP {\bf 77(2)}, 218-221 (1993)",
}

@ARTICLE{93a1BrGoIlVy,
  AUTHOR  = "{V. B.   Braginsky , M. L. Gorodetsky, V. S. Ilchenko, и
	S. P. Vyatchanin}",
  TITLE   = "On the ultimate sensitivity in coordinate measurements",
  JOURNAL = PLA,
  VOLUME  = 179,
  YEAR    = 1993,
  PAGES   = "244-248",
  ABSTRACT = "Analysis of the sensitivity of coordinate meters for
    ultimate precision mechanical experiments is presented. It is
    shown that the existing sensitivity of coordinate meters
    $\Delta L_f\simeq10^{-16}\div 10^{-18}cm/{Hz}^{1/2}$ can be substantially
    improved and reach $\Delta L_f\simeq10^{-21}\div 10^{-23}cm/{Hz}^{1/2}$
    using new types of microwave and optical parametric transducers based
    on high-Q dielectric resonators.",
}

@article{93a2BrKhVy,
  AUTHOR  = "{V. B. Braginsky , F. Ya. Khalili и S. P. Vyatchanin}",
  TITLE   = "The interaction of mecanical and e.m. systems on the level
     	of quantum ground state",
  JOURNAL = "in: Quantum Control and Measurement
		(editors H. Ezawa and Y. Marayama),
		Elsevier Sci. Publ. B.V.",
  YEAR    = 1993,
  PAGES   = "203-207",
}

@INPROCEEDINGS{93p1BrGoIl,
  AUTHOR  = "{V.B.Braginsky, M.L.Gorodetsky, V.S.Ilchenko}",
  TITLE   = "Optical microresonators of whispering gallery modes for quantum
    nondemolition measurements",
  BOOKTITLE = "Laser Optics'93, (June 21-25, 1993), St.Petersburg, Summaries of papers",
  YEAR = 1993,
  PAGES = 577,
}

@ARTICLE{93a1BrKh,
  AUTHOR = "{V. B. Braginsky, F. Ya. Khalili}",
  TITLE = "Phase measurement of a quantum oscillator",
  JOURNAL = PLA,
  VOLUME = 175,
  YEAR = 1993,
  PAGES = "85-88"
}

@ARTICLE{93a1KhKu,
  AUTHOR = "{А. А. Кулага, Ф. Я. Халили}",
  TITLE = "Квантовые состояния с минимальной неопределенностью фазы",
  JOURNAL = ZhETF,
  VOLUME = 104,
  YEAR = 1993,
  PAGES = "3358-3368",
  ALTERNATIVE = "A.F.Kulaga, F.Ya.Khalili, Quantum states with minimum
    phase uncertainty, Zh.Eksp.Teor.Phys 104 (1993) 3358-3368 (in Russian)"
}

@ARTICLE{93a1KhSy,
  AUTHOR = "{А. В. Сырцев, Ф. Я. Халили}",
  TITLE = "Чувствительность 'трансформатора смещений' при обнаружении импульса силы",
  JOURNAL = VMU,
  VOLUME = 35,
  YEAR = 1994,
  PAGES = "57-62",
  ALTERNATIVE = "A.V.Syrtsev, F.Ya.Khalili, Sensitivity of the position
    transformer under detection of force pulse, Vestnik Moskovskogo
    Universiteta, series 3, \#1 (1994) 57-62 (in Russian)"
}

@ARTICLE{93a1BiMiOh,
  AUTHOR  = "{И. А. Биленко, В. П. Митрофанов, О. А. Охрименко}",
  TITLE   = "Установка для измерения времени затухания колебаний
             в маятниках с малой диссипацией энергии",
  JOURNAL = PTE,
  NUMBER  = 5,
  YEAR    = 1993,
  PAGES   = "188-191",
  ALTERNATIVE = "Bilenko IA, Mitrofanov VP, Okhrimenko OA Device For
Measuring The Oscillation Decay In Pendulums With Small Energy
Dissipations INSTRUM EXP TECH+ 36: (5) 785-787 Part 2 SEP-OCT 1993
"}

@ARTICLE{94a1VyZuMa,
  AUTHOR  = "{S. P. Vyatchanin , E. A. Zubova и A. B. Matsko}",
  TITLE   = "On the quantum limit for resolution in force measurement
     		using an optical displacement transducer",
  JOURNAL = OC,
  VOLUME  = 109,
  YEAR    = 1994,
  PAGES   = "492-498"
}

@ARTICLE{94a1VyZu,
  AUTHOR  = "{S. P. Vyatchanin   и E. A. Zubova}",
  TITLE   = "On the quantum limit for resolution in force measurement
     	in intereferometric optical displacement transducer",
  JOURNAL = OC,
  VOLUME  = 111,
  YEAR    = 1994,
  PAGES   = "303-309"
}

@ARTICLE{94a1MaVyMaKi,
  AUTHOR  = "{A. B. Matsko, S. P. Vyatchanin , H. Mabuchi и H. J. Kimble}",
  TITLE   = "Quantum nondemolition detection of single photons in a open
     		resonator by atomic beam deflection",
  JOURNAL = PLA,
  VOLUME  = 192,
  YEAR    = 1994,
  PAGES   = "175-179"
}

@ARTICLE{94a6BrMiVy,
  AUTHOR  = "{V. B.   Braginsky , V. P. Mitrofanov и S. P. Vyatchanin}",
  TITLE   = "Isolation of test masses in the advanced laser interferometric
		gravitational-wave antennae",
  JOURNAL = "Rev. Sci. Instr.",
  VOLUME  = 65,
  YEAR    = 1994,
  PAGES   = "3771-3774",
}


@ARTICLE{94a1IlGoVy,
  AUTHOR  = "{V. S. Ilchenko , M. L. Gorodetsky и S. P. Vyatchanin}",
  TITLE   = "Coupling и tunability of optical whispering-gallery modes:
	A basis for coordinate meter",
  JOURNAL = OC,
  VOLUME  = 107,
  YEAR    = 1994,
  PAGES   = "41-48",
  LINK = "http://hbar.phys.msu.ru/articles/94a1IlGoVy.pdf",
  ABSTRACT = "Mechanical tunability and quality-factor of normal modes in
    coupled optical whispering-gallery microresonators are analysed
    theoretically and tested experimentally. It is shown that the
    position-dependent normal mode splitting in two spherical resonators coupled
    via evanescent field provides significant mechanical tuning of WG modes.
    Additional radiative losses due to perturbation of partial mode
    configurations are shown to be small enough to allow preservation of the
    quality-factor at the level of $Q>1\times10^9$. Combination of high $Q$ and
    mechanical tunability allows to propose this system as a novel type of
    optical parametric transducer: the twin-ball sensor of small displacements.
    The predicted ultimate sensitivity in terms of displacement per unit phase
    shift is $8\times10^{-12} cm/rad$ at the wavelength $\lambda=1.55 \mu m$
    (minimum of losses in fused silica) - higher than in best Fabry-Perot
    interferometers. In preliminary experiments with coupled microspheres of
    fused silica at $\lambda=0.63\mu m$, phase sensitivity $3\times 10^{-9}cm/rad
    $ is demonstrated - equal to that of a FP interferometer with a supercoating
    mirror finesse $F=1\times10^4$. The proposed tunable optical dielectric
    cavities (single sphere mass down to $10^{-9}g$) can be used in small probe
    mass experiments such as QND coordinate measurement. Ponderomotive
    interaction between two spheres can be a basis for QND photon-number
    measurement.",
}

@ARTICLE{94a1BrKh,
  AUTHOR  = "{V.B.Braginky, F.Ya.Khalili}",
  TITLE   = "Maxwell demon in quantum non-demolition measurements",
  JOURNAL = PLA,
  VOLUME  = 186,
  YEAR    = 1994,
  PAGES   = "15-17",
  ABSTRACT = "In a new scheme of quantum measurements the use of Rabi beats and of
spatial separation of atoms on different quantum states may permit to
realize sensitive QND meter in microwave band.",
}

@ARTICLE{94a1BrGoKh,
  AUTHOR  = "{V.B.Braginky, M.L.Gorodetsky, F.Ya.Khalili}",
  TITLE   = "Nondemolition intracavity photon number measurement by deflection of molecules in an external inhomogeneous field",
  JOURNAL = PLA,
  VOLUME  = 191,
  YEAR    = 1994,
  PAGES   = "208-210",
  ABSTRACT = "A new scheme for QND measurement of microwave photon number is discussed.
              This scheme may allow to realize repetitive measurements.",
  LINK = "http://hbar.phys.msu.ru/articles/94a1BrGoKh.pdf",
}

@ARTICLE{94a1GoIl,
  AUTHOR  = "{M.L.Gorodetsky, V.S.Ilchenko}",
  TITLE   = "High-Q optical whispering-gallery microresonators: precession approach for spherical mode analysis and emission
    patterns with prism couplers",
  JOURNAL = OC,
  VOLUME  = 113,
  YEAR = 1994,
  PAGES = "133-143",
  ABSTRACT = "High-Q optical whispering-gallery modes (WGM) of higher order $TE(TM)_{lmq}$
    in spherical dielectric microresonators are shown to be equivalent to
    precessing circular modes $TE(TM)_{llq}$, with the rate of precession
    (function of $m$) depending on the value of residual resonator nonsphericity.
    This approach allows to explicitly derive characteristic two-lobe emission
    patterns of these modes in real spheroid resonators with prism couplers and
    thereby substantiate ``spatial'' recognition and optimal coupling to selected
    modes, which is of interest for different applications. Experimental results
    on selective excitation and emission of different modes with prism coupler
    are presented. Feasibility of single-prism transient filter and optical
    delay line based on precessing WGMs is discussed.",
}

@ARTICLE{94a1KhSy,
  AUTHOR = "{А. В. Сырцев, Ф. Я. Халили}",
  TITLE = "Квантовый предел чувствительности для детекторов малых сил на свободных массах",
  JOURNAL = ZhETF,
  VOLUME = 106,
  YEAR = 1994,
  PAGES = "744-752",
  ALTERNATIVE = "A.V.Syrtsev, F.Ya.Khalili, Quantum limit of sensibility for
    the free-mass detectrors of  weak forces, Zh.Eksp.Teor.Phys 106 (1994)
    744-752 (in Russian)"
}

@ARTICLE{94a1eKhSy,
  AUTHOR = "{A.V.Syrtsev, F.Ya.Khalili}",
  TITLE = "",
  JOURNAL = JETP,
  VOLUME = 79,
  YEAR = 1994,
  PAGES = "3"
}

@Article{94a1BrMiTo,
  author = "V B Braginsky and V P Mitrofanov and K V Tokmakov",
  journal = "Physics Letters A",
  year = "1994",
  volume = "186",
  number = "1-2",
  pages = "18--20",
  document_type = "Article",
  source = "Scopus"
}

@ARTICLE{95a1BrKhKu,
  AUTHOR  = "{V.B.Braginky, F.Ya.Khalili, A.A.Kulaga}",
  TITLE   = "Quantum-non-demolition measurement of the phase",
  JOURNAL = PLA,
  VOLUME  = 202,
  YEAR    = 1995,
  PAGES   = "1-6",
}

@ARTICLE{95a1BrKhSa,
  AUTHOR  = "{V.B.Braginky, F.Ya.Khalili, M.V.Sazhin}",
  TITLE   = "Decoherence in e.m. vacuum",
  JOURNAL = PLA,
  VOLUME  = 208,
  YEAR    = 1995,
  PAGES   = "177-180",
}

@ARTICLE{95a1GoIlSa,
  AUTHOR  = "{M.L.Gorodetsky, V.S.Ilchenko, A.A.Savchenkov}",
  TITLE   = "On the ultimate Q of optical microsphere resonators",
  JOURNAL = SPIE,
  VOLUME  = 2799,
  YEAR = 1995,
  PAGES = "389-391",
  ABSTRACT = "We demonstrate the quality-factor $Q=(0.8\pm0.1)\times 10^{10}$
    of whispering-gallery modes in fused-silica microspheres at 633nm, close
    to the limit determined by fundamental material attenuation. The lifetime
    of ultimate Q is limited by adsorption of atmospheric water. Optical
    effects of adsorption are investigated and conditions for fabrication of
    long-lifetime microspheres are clarified.",
  NOTE = "ICONO'95, St.Petersburg",
  LINK = "http://hbar.phys.msu.ru/articles/95a1GoIlSa.pdf",
}

@ARTICLE{95a1VyZu,
  AUTHOR  = "{S. P. Vyatchanin   и E. A. Zubova}",
  TITLE   = "Quantum variation measurement of force",
  JOURNAL = PLA,
  VOLUME  = 201,
  YEAR    = 1995,
  PAGES   = "269-274"
}

@ARTICLE{95a1BrMiTo,
  AUTHOR  = "{V.B.Braginsky, V.P.Mitrofanov, K.V.Tokmakov}",
  TITLE   = "",
  JOURNAL = "Phys. Docl",
  VOLUME  = 40,
  YEAR    = 1995,
  PAGES   = 564
}

@ARTICLE{96a1BrMiTo,
  AUTHOR  = "{V.B.Braginsky, V.P.Mitrofanov, K.V.Tokmakov}",
  TITLE   = "",
  JOURNAL = PLA,
  VOLUME  = 218,
  YEAR    = 1996,
  PAGES   = 164
}

@ARTICLE{96a1GoIlSa,
  AUTHOR  = "{M.L.Gorodetsky, V.S.Ilchenko, A.A.Savchenkov}",
  TITLE   = "Ultimate Q of optical microsphere resonators",
  JOURNAL = OL,
  VOLUME  = 21,
  YEAR = 1996,
  NUMBER = 7,
  PAGES = "453-455",
  ABSTRACT = "We demonstrate the quality-factor $Q=(0.8\pm0.1)\times 10^{10}$
    of whispering-gallery modes in fused-silica microspheres at 633nm, close
    to the ultimate limit determined by fundamental material attenuation as measured
    in optical fibers. The lifetime of ultimate Q is limited by adsorption of
    atmospheric water. Monitoring of adsorption kinetics with submonolayer sensitivity
    by Q factors and frequencies of whispering-gallery modes is demonstrated.
    The possibility of supermaterial Q's owing to intrinsic suppression of
    scattering losses in microsperes is discussed.",
}

@ARTICLE{96a1VyMa,
  AUTHOR  = "{С. П. Вятчанин и А. Б. Мацко}",
  TITLE   = "Квантовое вариационное
		измерение силы и компенсация нелинейного обратного
		флуктуационного влияния",
  JOURNAL = "ЖЭТФ",
  VOLUME  = 109,
  YEAR    = 1996,
  PAGES   = "1873-1879",
ALTERNATIVE ="S. P. Vyatchanin and A. B. Matsko,
	Quantum variation scheme of measurement of force and compensation of
	back action,
	JETP, {\bf 82}, 107 (1996))",
ABSTRACT = "The quantum procedure of small force detection with
compensation of back action using simplest optical transducer of displacement
with coherent nonmodulated pump is considered. We take into account the
nonlinear terms $\sim(x/\lambda_0)^2$ ($x$ --- is the coordinate of
probe mass, $\lambda _0$ --- is the wave length of opticali pump) and
propose the nonlinear scheme, which allows to improve the sensitivity."
}

@ARTICLE{96a1eVyMa,
  AUTHOR  = "{S.P.Vyatchanin and A.B.Matsko}",
  TITLE   = "Quantum variation scheme of measurement of force and compensation of
    back action",
  JOURNAL = JETP,
  VOLUME  = 82,
  YEAR    = 1996,
  PAGES   = "107",
  ABSTRACT = "The quantum procedure of small force detection with
compensation of back action using simplest optical transducer of displacement
with coherent nonmodulated pump is considered. We take into account the
nonlinear terms $\sim(x/\lambda_0)^2$ ($x$ --- is the coordinate of
probe mass, $\lambda _0$ --- is the wave length of opticali pump) and
propose the nonlinear scheme, which allows to improve the sensitivity."
}


@ARTICLE{96a1GoHoIlVaVeYa,
  AUTHOR  = "{В.В.Васильев, В.Л.Величанский, М.Л.Городецкий, В.С.Ильченко, Л.Хольберг, А.В.Яровицкий}",
  TITLE   = "Высококогерентный инжекционный лазер с оптической обратной связью
    через микрорезонатор с модами типа ``шепчущей галереи''",
  JOURNAL = KvEl,
  VOLUME  = 23,
  YEAR = 1996,
  NUMBER = 8,
  PAGES = "675--676",
  ALTERNATIVE = "V.V. Vasilev, V.L.Velichansky, M.L.Gorodetsky, V.S.Il'chenko,
    L.Hollberg, A.V.Yarovitsky, High-coherence diode laser with optical feedback
    via a microcavity with 'whispering gallery' modes, Quantum Electronics, 26(8)
    657-658 (1996)",
  ABSTRACT = "Реализовано сужение линии генерации инжекционного лазера с помощью
    внешнего высокодобротного микрорезонатора, представляющего собой кварцевый
    шарик диаметром 370 мкм. Ввод-вывод излучения и согласование с модой типа
    ``шепчущей галереи'' шарика осуществлялся методом нарушенного полного
    внутреннего отражения, а оптическая обратная связь формировалась за счет
    релеевского рассеяния. Ширина спектра биений исследуемого и опорного лазеров
    не превышала 100КГц",
}

@ARTICLE{96a2VyMa,
  AUTHOR  = "{С.П.Вятчанин и А.Б.Мацко}",
  TITLE   = "Квантовое вариационное измерение силы
	и компенсация нелинейного обратного флуктуационного влияния в
	инрерферометрическом датчике смещений",
  JOURNAL = "ЖЭТФ",
  VOLUME  = 110,
  YEAR    = 1996,
  PAGES   = "1252-1265",
ALTERNATIVE = "S. P. Vyatchanin and A. B. Matsko,
	Quantum variation scheme of measurement of force and compensation of
	back action in intereferometric meter of position,
	JETP, {\bf 83}, 690-697 (1996) ",
ABSTRACT = "Рассмотрена квантовая процедура регистрации малой силы c ошибкой
меньше стандартного квантового предела на примере
интерферометрического оптического датчика смещений без потерь. Дан
подробный анализ чувствительности датчика с учетом его нелинейности.
Рассмотрен случай, когда время измерения мало по сравнению с
времением релаксации оптического резонатора.  Получены условия
принципиальной возможности линеаризации уравнений и найдена
предельная чувствительность датчика с учетом нелинейности при
детектировании квадратурной компоненты отраженной волны.  Предложены
два способа уменьшения негативного влияния нелинейности:  {\em a)}
использование нелинейной схемы детектирования выходящей из
интерферометра волны (измерение числа квантов в смещенной волне),
{\em б)} внесение дополнительной нелинейной жесткости в механическую
часть датчика.  Приведены численные оценки."
}

@ARTICLE{96a2eVyMa,
  AUTHOR  = "{S.P.Vyatchanin and A.B.Matsko}",
  TITLE   = "Quantum variation scheme of measurement of force and compensation of
	back action in intereferometric meter of position",
  JOURNAL = JETP,
  VOLUME  = 83,
  YEAR    = 1996,
  PAGES   = "690-697"
}

@ARTICLE{96a1VyMaZu,
  AUTHOR  = "{S. P. Vyatchanin , Matsko A. B.  and E. A Zubova}",
  TITLE   = "The value of the force of radiative friction",
  JOURNAL = OC,
  VOLUME  = 131,
  YEAR    = 1996,
  PAGES   = "107-113",
  ABSTRACT = "We discuss the value of radiative friction for single mirror and
    mirror in Fabri-Perot resonator and show that in the last case this
    friction can be experimentally registered.",
  LINK = "http://hbar.phys.msu.ru/articles/96a1VyMaZu.pdf",
}

@ARTICLE{96a1BrKh,
  AUTHOR = "{V. B. Braginsky, F. Ya. Khalili}",
  TITLE = "Quantum Nondemolition Measurements: the Route from Toys to Tools",
  JOURNAL = "Review of Modern Physics",
  VOLUME = 68,
  YEAR = 1996,
  PAGES = "1-11",
  ABSTRACT = "The history of the theory of QND measurements from 1920s until today is
    reviewed. Definition and main principles of the QND measurements are
    outlined. Achievements in the experimental realization of the QND
    measurements and several new promising schemes of QND measurements are
    described. The list of most important problems (from the authors' point of
    view) in the area of QND measurements is presented. The problem of
    measurement of quantum oscillator phase is considered. A new method of phase
    measurement is proposed. Examples of possible solutions of fundamental
    physical problems using QND methods are given."
}

@ARTICLE{96a2BrKh,
  AUTHOR = "{V.B.Braginsky, F.Ya.Khalili}",
  TITLE = "Nonlinear meter for the gravitational wave antenna",
  JOURNAL = PLA,
  VOLUME = 218,
  YEAR = 1996,
  PAGES = "167-174",
  ABSTRACT = "A principle of a new readout meter for the large - scale gravitational wave
    antennae is proposed. This principle is based on registration of the spatial
    shift of standing optical wave caused by the gravitation wave inside the
    Fabri-Perot resonator without absorption of optical quanta."
}

@ARTICLE{96a1KhLe,
  AUTHOR = "{F. Ya. Khalili, Yu. Levin}",
  TITLE = "Speed meter as a quantum nondemolition measuring device for force",
  JOURNAL = PRD,
  VOLUME = 54,
  YEAR = 1996,
  PAGES = "4735-4737"
}

@ARTICLE{96a1BiIvToBl,
  AUTHOR  = "{I. A. Bilenko, E. N. Ivanov, M. E. Tobar and D. G. Blair }",
  TITLE   = "Sapphire high-Q low temperature transducer for resonant
  bar gravitational wave antennas ",
  JOURNAL = PLA,
  VOLUME  = 211,
  YEAR    = 1996,
  PAGES   = "139-142",
  LINK = "http://hbar.phys.msu.ru/articles/96a1BiIvToBl.pdf"
}

@ARTICLE{97a1MaVy,
  AUTHOR  = "{A. B. Matsko and S. P. Vyatchanin}",
  TITLE   = "A ponderomoutive scheme for {QND} measurement of quadrature component",
  JOURNAL = "Applied Physics B",
  VOLUME  = 64,
  YEAR    = 1997,
  PAGES   = "167-171",
  ABSTRACT = "We propose a scheme of QND measurement of quadrature
    component in traveling wave, which uses the nonlinear
    ponderomotive interaction of e.m. waves, reflecting from movable
    mirror. The mechanical, optical losses and possible imbalance in
    interferometer arms are analyzed.",
  LINK = "http://hbar.phys.msu.ru/articles/97a1MaVy.pdf",
}

@ARTICLE{97a1AgBiBrVy,
  AUTHOR  = "{A. Yu.  Ageev, I. A.  Bilenko, V. B.  Braginsky
		и S. P. Vyatchanin}",
  TITLE   = "Measurement of excess noise in the suspension fiber
		for a gravitational wave detector",
  JOURNAL = PLA,
  VOLUME  = 227,
  YEAR    = 1997,
  PAGES   = "159-164"
}

@ARTICLE{97a1VyLa,
  AUTHOR  = "{S. P. Vyatchanin  and A. Yu.  Lavrenov}",
  TITLE   = "Heisenberg microscope and quantum variation measurement",
  JOURNAL = PLA,
  VOLUME  = 231,
  YEAR    = 1997,
  PAGES   = "38-46",
ABSTRACT = "We demonstrate on the example of Heisenberg microscope that
standard quantum limit for registration of force can be overcome in
quantum coordinate measurement. We propose to vary the distance
between diffraction slit and detector plane during measurement so
that one can measure  the linear combination of coordinate and back
action momentum, transfered to the probe mass in accordance with the
uncertainty principle. Changing distance in a special way allows
``not to see'' the back action fluctuations, implementing the
idea of quantum variation measurement.",
  LINK = "http://hbar.phys.msu.ru/articles/97a2Vy.pdf"
}

@ARTICLE{97a1BrGoKh,
  AUTHOR  = "{V.B.Braginsky, M.L.Gorodetsky, F.Ya.Khalili}",
  TITLE   = "Optical bars in gravitational wave antenna",
  JOURNAL = PLA,
  VOLUME  = 232,
  NUMBER  = 5,
  YEAR    = 1997,
  PAGES   = "340-348",
  ABSTRACT = "A new scheme of gravitational wave antenna is proposed which due to the
    effect of light pressure behaves analogous to solid state antenna of the
    same scale. Gravitational signal in this scheme is transformed into the
    force acting on a mirror. The resulting mirror displacement may be detected
    using methods standard for the bar antennas. The scheme provides gain in
    resolution and allows to beat the standard quantum limit without the use of
    non-classical pumping.",
  LINK = "http://hbar.phys.msu.ru/articles/97a1BrGoKh.pdf",
}

@ARTICLE{97a2BrGoKh,
  AUTHOR  = "{V.B.Braginsky, M.L.Gorodetsky, F.Ya.Khalili}",
  TITLE   = "The scheme of QND meter of microwave quadrature amplitude",
  JOURNAL = "Applied Physics B",
  VOLUME  = 64,
  YEAR    = 1997,
  PAGES   = "243-247",
  ABSTRACT = "We propose a novel scheme of QND measurement in microwave band. It is
    shown that with deflection of electron beam in the electric field of a
    microwave resonator it is possible to measure quadrature amplitude of
    oscillations with the precision substantially exceeding the Standard
    Quantum Limit. Estimates for the parameters of the experimental setup are
    presented.",
  LINK = "http://hbar.phys.msu.ru/articles/94a2BrGoKh.pdf",
}

@ARTICLE{97a1BiAgBrVy,
  AUTHOR  = "{I. A. Bilenko, A. Yu. Ageev, V. B. Braginsky, S. P. Vyatchanin. }",
  TITLE   = "Measurement of excess noise in the suspension fiber for a
  gravitational wave detector",
  JOURNAL = PLA,
  VOLUME  = 227,
  YEAR    = 1997,
  PAGES   = "159-164",
}

@ARTICLE{98a1GoIlHoVaVeYa,
  AUTHOR  = "{V.V.Vasiliev, V.L.Velichansky, V.S.Ilchenko, M.L.Gorodetsky, L.Hollberg, A.V.Yarovitsky}",
  TITLE   = "Narrow-Line-width diode laser with a high-Q microsphere resonator",
  JOURNAL = OC,
  VOLUME  = 158,
  YEAR = 1998,
  PAGES = "305-312",
  ABSTRACT = "A new modification of external optical feedback (OFB) was used
    to narrow the line of a diode laser (DL). A `whispering gallery' (WG) mode of
    a high-Q microsphere was excited by means of frustrated total internal
    reflection while the feedback for optical locking of the laser was provided
    by the intracavity Rayleigh backscattering. The ~600 MHz beatnote of the
    two laser diodes optically locked to a pair of orthogonally polarized
    modes of the same microresonator had the indicated spectral width of 20 kHz,
    and the stability of $2\time10^6$ over averaging time of 10 s. The
    feasibility of miniature sub-kHz-line width laser is discussed.",
  LINK = "http://hbar.phys.msu.ru/articles/98a1GoIlHoVaVeYa.pdf",
}

@ARTICLE{98a1BrGoKh,
  AUTHOR  = "{V.B.Braginsky, M.L.Gorodetsky, F.Ya.Khalili}",
  TITLE   = "Quantum limits and symphotonic states in free-mass gravitational-wave antennae",
  JOURNAL = PLA,
  VOLUME  = 246,
  NUMBER  = 6,
  YEAR    = 1998,
  PAGES   = "485-497",
  ABSTRACT = "Quantum mechanics sets severe limits on the sensitivity and required
    circulating energy in traditional free-mass gravitational-wave antennas.
    One possible way to avoid these restrictions is the use of intracavity QND
    measurements. We analyze a new QND observable, which possesses a number of
    features that make it a promising candidate for such measurements and
    propose a practical scheme for the realization of this measurement.
    In combination with an advanced coordinate meter, this scheme makes it
    possible to lower substantially the requirements on the circulating power.",
  ARCHIVE = "quant-ph/9806081",
  LINK = "http://hbar.phys.msu.ru/articles/98a1BrGoKh.pdf",
}

@ARTICLE{98a1GoIlSa,
  AUTHOR  = "{M.L.Gorodetsky, A.A.Savchenkov, V.S.Ilchenko}",
  TITLE   = "Optical microsphere resonators: optimal couping and the ultimate Q",
  JOURNAL = SPIE,
  VOLUME  = 3267,
  YEAR = 1998,
  PAGES = "251-262",
  ABSTRACT = "A general model is presented for coupling of high-$Q$
    whispering-gallery modes in optical microsphere resonators with coupler
    devices possessing discrete and continuous spectrum of propagating modes.
    By contrast to Fabry-Perot resonators, in microspheres {\it independent}
    high intrinsic quality-factor and controllable parameters of coupling
    via evanescent field offer variety of regimes earlier available in RF
    devices. Latest results on realization of material-limited $Q\sim 10^{10}$
    in microspheres in the visible and near-infrared band and preservation
    of very-high $Q$ in surface-hydration-preventing environment are presented.",
  NOTE = "Photonics West'98 San-Jose CA",
  LINK = "http://hbar.phys.msu.ru/articles/98a1GoIlSa.pdf",
}

@ARTICLE{98a1GoIl,
  AUTHOR  = "{M.L.Gorodetsky, V.S.Ilchenko}",
  TITLE   = "Optical microsphere resonators: optimal couping to high-Q
	whispering-gallery modes",
  JOURNAL = JOSAB,
  VOLUME  = 16,
  YEAR = 1998,
  PAGES = "147-154",
  ABSTRACT = "A general model is presented for coupling of high-$Q$
    whispering-gallery modes in optical microsphere resonators with coupler devices
    possessing discrete and continuous spectrum of propagating modes. By contrast to
    conventional high-Q optical cavities, in microspheres independence of
    high intrinsic quality-factor and controllable parameters of coupling via
    evanescent field offer variety of regimes earlier available in RF devices.
    The theory is applied to the earlier-reported  data on different types of
    couplers to microsphere resonators and  complemented by experimental
    demonstration of enhanced coupling efficiency (about 80\%) and variable
    loading regimes with $Q>10^8$  fused silica microspheres.",
  LINK = "http://hbar.phys.msu.ru/articles/98a1GoIl.pdf",
}

@ARTICLE{98a1Vy,
  AUTHOR  = "{S. P. Vyatchanin}",
  TITLE   = "The Estimation of Signal Force Parameters
	in Quantum Variation Measurement",
  JOURNAL = PLA,
  VOLUME  = 239,
  YEAR    = 1998,
  PAGES   = "201-208",
  ABSTRACT = "It is shown by examples that procedure of quantum variation
measurement allows to estimate simultaneously several parameters of
signal force (amplitude, arrival time, frequency) with errors much
less than the standard quantum limit.",
  LINK = "http://hbar.phys.msu.ru/articles/98a1Vy.pdf"
}

@ARTICLE{98a1Br,
  AUTHOR  = "{V. B. Braginsky}",
  TITLE   = "Decoherence and quantum nondemolition measurements in the LIGO project",
  JOURNAL = "Physica Scripta",
  VOLUME  = "T76",
  YEAR    = 1998,
  PAGES   = 122,
  ABSTRACT = "The goal of the LIGO project (as well as projects VIRGO and GEO-600) is to
    create terrestrial gravitational wave antennae which will detect bursts of
    gravitational radiation from astrophysical catastrophies. The sencitivity
    of the antennae to record the perturbations of the metric (the gravitational
    wave) has to be at such a level when the quantum behavior of macroscopic
    test masses (the key elements in the antennae) becomes essential. Therefore
    experimentalists have to invent and realize technologies which allow to reduce
    the decoherence of these test masses due to the heat bath and independently
    to create new methods of quantum measurements which will allow to beat
    certain limits of sensitivity (the so-called Standard Quantum Limits). These
    methods may be based on principles of Quantum-Non-Demolition measurements.",
  LINK = "http://hbar.phys.msu.ru/articles/98a1Br.pdf"
}

@ARTICLE{98a2Br,
  AUTHOR  = "{V. B. Braginsky}",
  TITLE   = "From Galileo pendulum to a quantum one",
  JOURNAL = "Foundations of Physics",
  VOLUME  = 29,
  YEAR    = 1998,
  PAGES   = 125,
  ABSTRACT = "One can consider that the modern experimental physics originates from the time
when, according to a legend, Galileo has measured the dependence of the
pendulum oscillation period as function of its length, using his own pace as a
chronograph. Another historically proven fact is that he owns the idea of
using the pendulum for building a clock. The next physicist to use the
pendulum [for great discovery] was Isaac Newton. He has established the
equality of oscillation period in pendulums of equal length with masses build
of different substances. This has been the first test of what is currently
termed the equivalence principle. A hundred and fifty years later, the
pendulum was used by Jean-Bernard-Leon Foucault in his famous experiment
demonstrating the rotation of Earth via revolution of the pendulum
oscillation plane. In the end of the 19-th century and in the first half of
the 20-th century, pendulum gravimeters were widely used in geophysical
surveys for mapping the gravitational acceleration. In the end of the 20-th
century, it has been discovered that the properties of pendulum suspension of
a macroscopic mass play a clue role in experiments devoted to the solution of
fundamental problems of physics. The present paper is devoted to the brief
description of very special pendulums which are designed to be used in these
fundamental experiments.",
  LINK = "http://hbar.phys.msu.ru/articles/98a2Br.pdf"
}

@ARTICLE{98a1GoMiToVi,
  AUTHOR  = "{Н.А.Вишнякова, М.Л.Городецкий, В.П.Митрофанов и К.В.Токмаков}",
  TITLE   = "Диссипация энергии механических осцилляторов, вызванная
    электрическим полем, приложенным к поверхности колеблющегося тела",
  JOURNAL = PZhTF,
  VOLUME  = 24,
  YEAR = 1998,
  NUMBER = 13,
  PAGES = "27-33",
  ALTERNATIVE = "N.A.Vischnyakova, M.L.Gorodetsky, V.P.Mitrofanov, K.V.Tokmakov",
  ABSTRACT = "Обсуждены различные обстоятельства, влияющие на затухание крутильных
    колебаний маятника. Наиболее веротными приняты затухания из-за диссипативных
    процессов поверхностной диффузии или перезарядки поверхностных состояний.",
}

@ARTICLE{98a1AgBiBr,
  AUTHOR  = "{I.A.Bilenko, A.Yu.Ageev, V.B.Braginsky }",
  TITLE   = "Excess noise in the steel suspension wires
  for the laser gravitational wave detector ",
  JOURNAL = PLA,
  VOLUME  = 246,
  YEAR    = 1998,
  PAGES   = "479-484",
ABSTRACT  = "{}Progress on research in mechanical excess noise is
reported. An improved technique for wire oscillation
measurement has been applied to the investigation of suspension
of a test mass for a GW detector. The dependence of the excess
noise intensity in the fundamental violin mode of the steel
wires on the stress value is obtained.",
}


@ARTICLE{98a1Vo,
  AUTHOR  = "{Ю.И.Воронцов}",
  TITLE   = "",
  JOURNAL = VMU,
  NUMBER  = 6,
  YEAR    = 1998,
  PAGES   = 7
}

@ARTICLE{99a1Vo,
  AUTHOR  = "{Ю.И.Воронцов}",
  TITLE   = "",
  JOURNAL = VMU,
  NUMBER  = 1,
  YEAR    = 1999,
  PAGES   = 23
}

@ARTICLE{99a1BrLeVy,
  AUTHOR  = "{V.  B.  Braginsky, Yu.  Levin and S.  P.  Vyatchanin}",
  TITLE   = "How to reduce suspention on thermal noise in {LIGO} without
	improving the $Q$ of the pendulum and violin modes",
  JOURNAL = "Meas.  Sci.  Technol.",
  VOLUME  = 10,
  YEAR    = 1999,
  PAGES   = "589-606",
  ABSTRACT = "The suspension noise in interferometric gravitational wave detectors
    is caused by losses at the top and the bottom attachments of each suspension
    fiber. We use the Fluctuation-Dissipation theorem to argue that by careful positioning of
    the laser beam spot on the mirror face it is possible to reduce the contribution of the
    bottom attachment point to the suspension noise by several orders of magnitude. For example,
    for the initial and enhanced LIGO design parameters (i.e. mirror masses and sizes, and
    suspension fibers' lengths and diameters) we  predict a reduction of $\sim 100$ in
    the `bottom' spectral density throughout the band $35-100\hbox{Hz}$ of serious thermal
    noise.

    We then propose a readout scheme which suppresses the suspension noise contribution of the
    top attachment point. The idea is to monitor an averaged horizontal displacement of the fiber of length $l$;
    this allows one to record the contribution of the top attachment point to the suspension
    noise, and  later subtract it from the interferometer readout.  This method will allow a suppression
    factor in spectral density of $ (l/d^2)\ \sqrt{Mg/\pi E}$, where $d$ is the fiber's diameter,
    $E$ is it's Young modulus and $M$ is the mass of the mirror. For the test mass parameters of
    the initial and enhanced LIGO designs this reduction factor is $132\times(l/30\hbox{cm})(0.6\hbox{mm}/d)^2$.

    We offer what we think might become a practical implementation of such a readout scheme.
    We propose to position a thin optical waveguide close to a fused silica
    fiber used as the suspension fiber. The waveguide itself is at the surface
    of a solid fused silica slab which is attached rigidly to the last mass of the seismic
    isolation stack (see Fig. 5). The  thermal motion of the suspension fiber is recorded through
    the phaseshift of an optical wave passed through the waveguide. A laser power of $1\hbox{mW}$
    should be sufficient to achieve the desired sensitivity.",
  LINK = "http://hbar.phys.msu.ru/articles/99a1BrLeVy.pdf",
}


@ARTICLE{99a1GoIlPr,
  AUTHOR  = "{M.L.Gorodetsky, V.S.Ilchenko, A.D.Pryamikov}",
  TITLE   = "Intracavity Rayleigh scattering in microspheres: limits imposed on quality-factor and mode
    coupling",
  JOURNAL = SPIE,
  VOLUME  = 3611,
  YEAR = 1999,
  PAGES = "206-217",
  ABSTRACT = "We present a detailed analysis of the effect of volumetric and surface
    inhomogeneities as a source of quality-factor limitation and intracavity
    resonant backscattering in optical microsphere cavities of fused silica.
    Intrinsic scattering in microspheres is shown to be significantly inhibited
    as compared to standard Rayleigh scattering in the bulk material.
    This reassessment of fundamental losses indicates that $Q$-factors
    substantially exceeding the previously expected limit of
    $\sim10^{11}$ can be obtained in
    microspheres, as soon as surface hydration is prevented. The intracavity
    backscattering is analyzed as a source of whispering-gallery mode splitting
    and resonant optical feedback in presence of a mode-matched travelling-wave
    coupler.",
  NOTE = "Photonics West'99 San-Jose CA",
  LINK = "http://hbar.phys.msu.ru/articles/99a1GoIlPr.pdf",
}

@ARTICLE{99a1BrKh,
  AUTHOR  =  "{V.B.Braginsky, F.Ya.Khalili}",
  TITLE   = "Low-noise rigidity in quantum measurements",
  JOURNAL = PLA,
  VOLUME  = 257,
  YEAR    = 1999,
  ABSTRACT = "It is shown that, to obtain higher sensitivity in quantum experiments with test masses, an oscillator is more promising than a free mass. New
    methods of realization of mechanical rigidity with very low quantum noise are described. Possible schemes of quantum measurements based
    of these method are discussed.",
  PAGES   = "241-246",
}

@ARTICLE{99a1BiGo,
  AUTHOR  = "{И.А.Биленко, М.Л.Городецкий}",
  TITLE   = "Метод измерения малых колебаний оптически прозрачных объектов",
  JOURNAL = DAN,
  VOLUME  = 368,
  YEAR = 1999,
  NUMBER = 5,
  PAGES = "612-614",
  ALTERNATIVE = "I.A.Bilenko and M.L.Gorodetsky, A Method of Measuring Small Vibrations of Optically Transparent Objects, Doklady
    Physics, v.44, No 10, 1999, 664-666 (1999)",
  ABSTRACT = "Предложен новый метод интерференционного измерения малых смещений
    оптически прозрачных объектов. Проведенный анализ показал, что метод
    позволяет регистрировать колебания с амплитудой менее $10^{-15}\mbox{см}/\sqrt{\mbox{Гц}}$.
    и может быть применен для исследования избыточных шумов в подвесах зеркал
    лазерных гравитационных антенн. Предсказана возможность наблюдения
    квантового эффекта нагрева механической степени свободы объекта.",
  LINK = "http://hbar.phys.msu.ru/articles/99a1BiGo.pdf",
}

@ARTICLE{99a2Vy,
  AUTHOR  = "{S.P.Vyatchanin}",
  TITLE   = "Quantum variation measurement and Heisenberg microscope",
  JOURNAL = "Optics and Spectroscopy",
  VOLUME  = 87,
  YEAR    = 1999,
  PAGES   = "532-540"
}

@ARTICLE{99a1BrGoVy,
  AUTHOR  = "{V.B.Braginsky, M.L.Gorodetsky and S.P.Vyatchanin}",
  TITLE   = "Thermodynamical fluctuations and photo-thermal shot noise in
		gravitational wave antennae",
  JOURNAL = PLA,
  VOLUME  = 264,
  YEAR    = 1999,
  PAGES   = "1-10",
  ABSTRACT = "Thermodynamical fluctuations of temperature in mirrors of gravitational wave
    antennae are transformed through thermal expansion coefficient into
    additional noise. This source of noise, which may also be interpreted as
    fluctuations due to thermoelastic damping, may not be neglected and leads
    to the necessity to reexamine the choice of materials for the mirrors.
    Additional source of noise are fluctuations of the mirrors' surfaces
    caused by optical power absorbed in dielectrical reflective layers.",
  ARCHIVE = "cond-mat/9912139",
  LINK = "http://hbar.phys.msu.ru/articles/99a1BrGoVy.pdf",
}

@INPROCEEDINGS{99p1FeGoIlMaSt,
  AUTHOR  = "{V.S.Ilchenko, D.S.Starodubov , M.L.Gorodetsky, L.Maleki, J.Feinberg}",
  TITLE   = "Coupling light from a high-Q microsphere resonator using a UV-induced
    surface grating",
  BOOKTITLE = "Conference on Lasers and ElectroOptics, Baltimore, May 23-28, Technical Digest",
  YEAR = 1999,
  PAGES = 67,
}

@ARTICLE{99a1Br,
  AUTHOR  = "{V.B.Braginsky}",
  TITLE   = "The problem of ultimate time interval in quantum measurements",
  JOURNAL = SPIE,
  VOLUME  = 3516,
  YEAR = 1999,
  PAGES = 421,
  ABSTRACT = "The following short review was prepared for this symposium according
    to the executive order of the chairman professor M.Schelev. I present
    here two cases in which the knowledge of the time interval is of
    fundamental physical importance.",
  LINK = "http://hbar.phys.msu.ru/articles/99a1Br.pdf",
}

@ARTICLE{99a1KaKh,
  AUTHOR = "{И. И. Каледин, Ф. Я. Халили}",
  TITLE = "Предельная точность различения состояний с заданной энергией",
  JOURNAL = VMU,
  VOLUME = 40,
  YEAR = 1999,
  PAGES = "9-12",
  ALTERNATIVE = "I.I.Kaledin, F.Ya.Khalili, The ultimate precision of
    distinguishing of energy quantum state, Vestnik Moskovskogo Universiteta
    series 3, \#4 (1999) 9-12 (in Russian)"
}

@ARTICLE{00a1GoIlPr,
  AUTHOR  = "{M.L.Gorodetsky, A.D.Pryamikov, V.S.Ilchenko}",
  TITLE   = "Rayleigh scattering in high-Q microspheres",
  JOURNAL = JOSAB,
  VOLUME  = 17,
  YEAR = 2000,
  NUMBER = 6,
  PAGES = "1051-1057",
  ABSTRACT = "The Rayleigh scattering has to be largely suppressed in high-Q
    whispering-gallery modes in microspheres because of restrictions imposed on
    scattering angles by cavity confinement. Earlier estimates of the
    fundamental limit for quality-factor in fused silica microspheres are
    revisited, and $Q\simeq 10^{12}$ is predicted in few-mm size fused
    silica spheres, if surface hydration problem is ovecome. Particular effects
    of surface scattering losses are analyzed, and manifestation of scattering
    in form of intermode coupling is calculated. Predominant effect of
    counter-propagating mode coupling (intracavity backscattering) is analyzed
    in presence of a mode-matched travelling-wave coupler. Up to 100\% resonance
    reflection regime is shown to be feasible.",
  LINK = "http://hbar.phys.msu.ru/articles/00a1GoIlPr.pdf",
}

@ARTICLE{00a1BrGoKhTh,
  AUTHOR  = "{V.B.Braginsky, M.L.Gorodetsky, F.Ya.Khalili and K.S.Thorne}",
  TITLE   = "Dual-resonator speed meter for a free test mass",
  JOURNAL = PRD,
  VOLUME  = 61,
  NUMBER  = 4,
  YEAR    = 2000,
  PAGES   = 044002,
  ABSTRACT = "A description and analysis are given of a 'speed meter' for monitoring a
    classical force that acts on a test mass.  This speed meter is based on two
    microwave resonators ('dual resonators'), one of which couples evanescently to the position of
    the test mass.  The sloshing of the resulting signal between the resonators,
    and a wise choice of where to place the resonators' output waveguide, produce
    a signal in the waveguide that (for sufficiently low frequencies) is
    proportional to the test-mass velocity (speed) rather than its position.  This
    permits the speed meter to achieve force-measurement sensitivities better
    than the standard  quantum limit (SQL), both when operating in a narrow-band
    mode and a wide-band mode.  A scrutiny of experimental issues shows that it
    is feasible,  with current technology, to construct a demonstration  speed
    meter that beats the wide-band SQL by a factor 2.  A concept is sketched for
    an adaptation of this speed meter to optical frequencies; this adaptation
    forms the basis for a possible LIGO-III interferometer that could beat the
    gravitational-wave standard quantum limit $h_{\rm SQL}$, but  perhaps only by
    a factor $1/\xi = h_{\rm SQL}/h \alt 3$ (constrained by losses in the optics)
    and at the price of a very high circulating optical power --- larger by $\xi^{-2}$
    than that  required to reach the SQL.",
  ARCHIVE = "gr-qc/9906108",
  LINK = "http://hbar.phys.msu.ru/articles/00a1BrGoKhTh.pdf",
}

@ARTICLE{00a1AlGoIlSa,
  AUTHOR  = "{Э.Н.Алырзаев, М.Л.Городецкий, В.С.Ильченко, А.А.Савченко}",
  TITLE   = "Измерение малых оптических потерь в жидкостях методом
    погруженного сферического микрорезонатора",
  JOURNAL = "Вестник МГУ, Сер.3, Физика. Астрономия",
  YEAR = 2000,
  NUMBER = 5,
  PAGES = "55-56",
  ALTERNATIVE = "E.N.Alyrzaev, M.L.Gorodetsky, V.S.Ilchenko, A.A.Savchenkov",
  ABSTRACT = "Продемонстрировано, что малые оптические потери в жидкостях
    вблизи границы раздела жидкость - твердое тело могут быть измерены методом
    погруженного оптического микрорезонатора с модами типа шепчущей галереи.
    Разработанный метод был опробован на некоторых чистых жидкостях и растворах.
    В частности, было обнаружено, что зависимость от концентрации оптического
    затухания этанола в воде имеет ярко выраженный пороговый характер.",
  LINK = "http://hbar.phys.msu.ru/articles/00a1AlGoIlSa.pdf",
}

@ARTICLE{00a1BrGoVy,
  AUTHOR  = "{V.B.Braginsky, M.L.Gorodetsky, S.P.Vyatchanin}",
  TITLE   = "Thermo-refractive noise in gravitational wave antennae",
  JOURNAL = PLA,
  VOLUME  = 271,
  YEAR    = 2000,
  PAGES   = "303-307",
ABSTRACT = "Thermodynamical fluctuations of temperature in mirrors of gravitational wave
antennae may be transformed into additional noise not only through thermal expansion
coefficient \cite{bgv} but also through temperature dependence of refraction
index. The intensity of this noise is comparable with other known noises at
frequencies $\sim1$~kHz.",
  ARCHIVE = "cond-mat/0008109",
  LINK = "http://hbar.phys.msu.ru/articles/00a1BrGoVy.pdf",
}

@ARTICLE{00a1StVy,
  AUTHOR  = "{S. E. Strigin, S.  P.  Vyatchanin}",
  TITLE   = "The problem of compensation of internal mechanical
		noise in test mass of gravitational wave antennae",
  JOURNAL = PLA,
  VOLUME  = 272,
  YEAR    = 2000,
  PAGES   = "143-150",
ABSTRACT = "We discuss  how much can be the value of compensation  of the internal
mechanical noise in test mass if ideal position meter is used for measurement
of the difference between averaged coordinate on reflecting face surface of
test mass and coordinate averaged all over the back surface of the same test
mass. It is shown that this compensation can help to overcome the Standard
Quantum Limit (SQL) by several times. However analysis of concrete
interferometric meter with beams propagating inside test mass
gives that parasitic thermorefractive effect obstructs
the compensation. This effect consists in thermodynamical
fluctuations of temperature which causes fluctuations of refractive index
due to its dependence on temperature.",
  LINK = "http://hbar.phys.msu.ru/articles/00a1StVy.pdf",
}

@INPROCEEDINGS{00p1BrGoKhTh,
  AUTHOR  = "{V.B.Braginsky, M.L.Gorodetsky, F.Ya.Khalili and K.S.Thorne}",
  TITLE   = "Energetic Quantum Limit in Large-Scale Interferometers",
  BOOKTITLE = "Gravitational waves. Third Edoardo Amaldi Conference, Pasadena, California 12-16 July",
  EDITOR = "S.Meshkov",
  PUBLISHER= "Melville NY:AIP Conf. Proc. 523",
  YEAR = 2000,
  PAGES = "180-189",
  ARCHIVE="gr-qc/9907057",
  ABSTRACT="For each optical topology of an interferometric gravitational wave detector,
    quantum mechanics dictates a minimumoptical power (the ``energetic quantum limit'')
    to achieve a given sensitivity. For standard topologies, when one seeks to beat the
    standard quantum limit by a substantial factor, the energetic quantum limit becomes
    impossibly large. Intracavity readout schemes may do so with manageable optical
    powers.",
  LINK="http://hbar.phys.msu.ru/articles/00p1BrGoKhTh.pdf",
}

@ARTICLE{00a1BrMiTo,
  AUTHOR  = "{В.Б.Брагинский, В.П.Митрофанов, К.В.Токмаков}",
  TITLE   = "Маятники из кварцевого стекла со сверхнизкими потерями",
  JOURNAL = IANP,
  VOLUME  = 64,
  YEAR = 2000,
  PAGES = "1671-1674",
  ALTERNATIVE="V.B.Braginsky, V.P.Mitrofanov, K.V.Tokmakov, Fused silica
    pendulums with ultralow losses IZV AKAD NAUK FIZ+ 64 (9): 1671-1674 SEP 2000",
  ABSTRACT="Описаны маятники, изготовленные целиком из высококачественного
    плавленого кварца, являющиеся прототипом чувствительных элементов
    интерферометрических гравитационных антенн. Маятники имеют рекордное
    значение добротности $Q=1.7\times10^8$. Анализируются факторы,
    определяющие диссипацию энергии."
}

@ARTICLE{00a1eBrMiTo,
  AUTHOR  = "{V.B.Braginsky, V.P.Mirofanov, K.V.Tokmakov}",
  TITLE   = "Fused silica pendulums with ultralow losses",
  JOURNAL = "Bulletin of the Russian Academy of Sciences: Physics",
  VOLUME  = 64,
  YEAR = 2000,
  PAGES = "1671-1674",
  note = "{\it in Russian}"
}

@ARTICLE{00a1DaKhVy,
  AUTHOR  = "{S. L. Danilishin, F. Ya. Khalili and S. P. Vyatchanin}",
  TITLE   = "The discrete sampling variation measurement",
  JOURNAL = PLA,
  VOLUME  = 278,
  YEAR    = 2000,
  PAGES   = "123-128",
  ABSTRACT = "The modification of the variation quantum measurement is
      considered, which allows to eliminate the main
      shortcoming of such a measurement - the meter hardware
      setup dependance on the signal shape and arrival time.
      This method is based on approximation of the signal by
      series of short rectangular ``slices'' and periodical
      applying the variation measurement procedure fitted to
      such a rectangular pulse. It allows to reconstruct the
      signal shape with precision not limited by the Standard
      Quantum Limit.  ``Price'', in the case of the parametric
      position meters (including interferometric ones), is
      pumping energy $720/\pi^4\approx 7.4$ times higher than
      for the usual variation measurement.",
}

@ARTICLE{00a1Br,
  AUTHOR  = "{В. Б. Брагинский}",
  TITLE   = "Гравитационно-волновая астрономия --- новые методы измерений",
  JOURNAL = UFN,
  VOLUME  = 170,
  NUMBER  = 7,
  YEAR    = 2000,
  PAGES   = "743-752",
  ALTERNATIVE = "V. B. Braginsky",
  ABSTRACT = "Представлено описание современной ситуации в гравитационно-волновой астрономи.
    Обсуждаются достижения в разработке наземных антенн, а также новые методы измерений,
    которые могут заметно повысить чувствительность. Описаны возможные следствия успешной работы
    антенн.",
  LINK = "http://hbar.phys.msu.ru/articles/00a1Br.pdf",
}

@ARTICLE{00a1KoKh,
  AUTHOR = "{Н. В. Козлов, Ф. Я. Халили}",
  TITLE = "Предельная чувствительность стробоскопического измерителя координаты",
  JOURNAL = VMU,
  VOLUME = 41,
  YEAR = 2000,
  PAGES = "12-16",
  ALTERNATIVE = "N.V.Kozlov, F.Ya.Khalili, ``Limit sensitivity
    of the stroboscopic position meter'', Vestnik Moskovskogo Universiteta,
    series 3, \#4 (2000) 12-16 (in Russian)",
  ABSTRACT = "Получены точные выражения для прежельной чусвтвительности
    стобоскопического измерителя координаты. Рассмотрен частный случай
    использования параметрического датчика малых смещений."
}

@ARTICLE{00a1MiStTo,
  AUTHOR  = "{V.P.Mitrofanov, N.A.Styazhkina, K.V.Tokmakov}",
  TITLE   = "Damping of the test mass oscillations caused by multistrip
             electrostatic actuator",
  JOURNAL = PLA,
  VOLUME  = 278,
  YEAR    = 2000,
  PAGES   = "25-29",
  ABSTRACT = "Multistrip electrostatic actuators are supposed to be used
    to provide fine control of the test mass position in laser interferometric
    gravitational wave detectors. This Letter describes the results of
    investigations into the damping $Q^{-1}_e$ of the torsion mode of bifilar
    all-fused silica pendulum caused by the electrostatic actuator. Our results
    show that the important source of losses is associated with properties
    of the pendulum mass surface that moves in the electric field of the
    actuator. The flame treatment of this surface allowed us to reduce the
    damping $Q^{-1}_e$ to the level of less than $3\times10^{-9}$ provided
    that forces up to $10^{-4}$N were exerted by the actuator on the suspended
    mass.",
}

@ARTICLE{00a1RoCaSnHoRoGuFeMi,
  AUTHOR  = "{S.Rowan, G.Cagnoli, P.Sneddon, J.Hough, R.Route, E.Gustafson, M.M.Fejer, V.Mitrofanov}",
  TITLE   = "",
  JOURNAL = PLA,
  VOLUME  = 265,
  YEAR = 2000,
  PAGES = "5"
}

@ARTICLE{00a1CaHoDeFeGuRoMi,
  AUTHOR  = "{G.Cagnoli,J.Hough, D.DeBra, M.M.Fejer, E.Gustafson, S.Rowan, V.Mitrofanov}",
  TITLE   = "",
  JOURNAL = PLA,
  VOLUME  = 272,
  YEAR = 2000,
  PAGES = "39"
}

@INPROCEEDINGS{00p1ToMiBrRoHo,
  AUTHOR  = "{K.Tokmakov, V.Mitrofanov, V.B.Braginsky, S.Rowan and J.Hough}",
  TITLE   = "",
  BOOKTITLE = "Gravitational waves. Third Edoardo Amaldi Conference, Pasadena, California 12-16 July",
  EDITOR = "S.Meshkov",
  PUBLISHER= "Melville NY:AIP Conf. Proc. 523",
  YEAR = 2000,
  PAGES = "445",
  ARCHIVE="gr-qc/9907057"
}


@ARTICLE{01a1GoIlMaYa,
  AUTHOR  = "{V.S.Ilchenko, M.L.Gorodetsky, X.S.Yao and L.Maleki}",
  TITLE   = "Microtorus: a high-finesse microcavity with whispering-gallery modes",
  JOURNAL = "OL",
  VOLUME  = 26,
  YEAR = 2001,
  NUMBER = 5,
  PAGES = "256-258",
  ABSTRACT = "We demonstrate a 165-$\mu$m oblate spheroidal microcavity with a
    free spectral range of 383.7 GHz (3.06 nm), a resonance bandwidth of
    23 MHz (quality factor $Q\simeq10^7$) at 1550 nm, and f inesse $F\geq10^4$.
    The highly oblate spheroidal dielectric microcavity combines a very high Q
    factor, typical of microspheres, with a vastly reduced number of excited
    whispering-gallery modes (by 2 orders of magnitude). The very large free
    spectral range in this novel microcavity a few hundred gigahertz instead of
    a few gigahertz as in typical microspheres -- is desirable for applications
    in spectral analysis, narrow-linewidth optical and rf oscillators, and
    cavity QED.",
  ARCHIVE="physics/0009092",
  LINK = "http://hbar.phys.msu.ru/articles/01a1IlGoYaMa.pdf",
}

@ARTICLE{01a1Gr,
  AUTHOR  = "{M.L.Gorodetsky}",
  TITLE   = "Thermodynamical fluctuations in optical microspheres",
  JOURNAL = SPIE,
  VOLUME  = 4270,
  YEAR = 2001,
  ABSTRACT = "Thermodynamical fluctuations of temperature in microspheres
    transform to fluctuations of its resonance frequencies due to coefficient of thermal
    refraction. These fluctuations produce additional phase and amplitude noise in
    the output of the cavity. The implications of this noise for laser stabilization
    and other applications are discussed. Experimental conditions for the direct observation of
    this new effect are given.",
  NOTE = "Photonics West'01 San-Jose CA",
  LINK = "http://hbar.phys.msu.ru/articles/01a1gr.pdf",
}

@ARTICLE{01a1BrVy,
  AUTHOR  = "{V.B.Braginsky and S.P.Vyatchanin}",
  TITLE   = "Frequency fluctuations of nonlinear origin in self-sustained
		optical	oscillators",
  JOURNAL = PLA,
  VOLUME  = 279,
  YEAR    = 2001,
  PAGES   = "154-162",
ABSTRACT = "We present the results obtained from the analysis of the laser
frequency fluctuations caused by ponderomotive nonlinearity (the
Standard Quantum Limit  (SQL) of frequency) and several kinds of
thermorefractive and thermoexpansion effects. These effects are
shown not to be small enough and have to be taken into account in
high precision experiments (for example in the laser gravitational
antennae).",
  LINK = "http://hbar.phys.msu.ru/articles/01a1BrVy.pdf",
}

@ARTICLE{01a1BrStVy,
  AUTHOR  = "{V.B.Braginsky S.E.Strigin and S.P.Vyatchanin}",
  TITLE   = "Parametric oscillatory instability in Fabry-Perot (FP)
		interferometer",
  JOURNAL = PLA,
  VOLUME  = "287",
  YEAR    = 2001,
  PAGES   = "331-335",
  ABSTRACT = "We present an approximate analysis of a nonlinear effect of
    parametric oscillatory instability in FP interferometer. The basis
    for this effect is the excitation of the additional (Stokes)
    optical mode with frequency $\omega_1$ and of the mirror's elastic mode
    with frequency $\omega_m$ when the optical energy stored in the main
    FP resonator  mode with frequency $\omega_0$ exceeds the certain
    threshold and the frequencies are related as $\omega_0\simeq
    \omega_1+\omega_m$. This effect is undesirable in
    laser gravitational wave antennae because it may create a specific
    upper limit for the value of energy stored in FP resonator. In
    order to avoid it the detailed analysis of the mirror's elastic
    modes and FP resonator optical modes structure is necessary.",
  ARCHIVE = "gr-qc/0107079",
  LINK = "http://hbar.phys.msu.ru/articles/01a1BrStVy.pdf",
}

@ARTICLE{01a1Kh,
  AUTHOR  = "{Ф.Я.Халили}",
  TITLE   = "Квантовые эксперименты с макроскопическими механическими объектами",
  JOURNAL = "Оптика и Спектроскопия",
  VOLUME  = 91,
  YEAR    = 2001,
  PAGES   = "550-559",
  ABSTRACT = "Последние достижения по изоляции макроскопических механических объектов от
    термостата позволяют реализовать квантовые измерения с такими системами.  В
    качестве пробного объекта при этом может использоваться либо свободная масса,
    либо осциллятор. Преимуществом первого варианта является существенно большее
    время релаксации, достигнутое для свободных масс, второго --- отсутствие
    ограничения на предельную точность измерения, связанного с внутренними
    потерями в измерителе.

   Обойти это ограничение, сохранив свойственное свободным массам большое время
   релаксации, можно, если использовать пробный осциллятор с пондеромоторной
   электромагнитной жесткостью. Оценки показывают, что потенциальная
   чувствительность такого пробного тела, при современном уровне технологии,
   может быть существенно выше стандартного квантового предела."
}

@ARTICLE{01a1eKh,
  AUTHOR  = "{F.Ya.Khalili}",
  TITLE   = "Quantum experiments with macroscopic mechanical objects",
  JOURNAL = "Optics and Spectroscopy",
  VOLUME  = 91,
  YEAR    = 2001,
  PAGES   = {542--550}
}

@ARTICLE{01a1BrKhVo,
  AUTHOR  = "{V.B.Braginsky, F.Ya.Khalili, S.P.Volikov}",
  TITLE   = "The analysis of table-top quantum measurement with macroscopic masses",
  JOURNAL = PLA,
  VOLUME  = 287,
  YEAR    = 2001,
  PAGES   = "31-38",
  ABSTRACT = "The analysis of table-top quantum experiment with mechanical test mass is
    presented. The scheme of experiment is based on two principles: the
    difference between the free test mass and the oscillator sensitivity Standard
    Quantum Limits, and the use of mechanical rigidity produced by an optical
    pumping field in Fabry-Perot resonator to convert the free test mass into the
    mechanical oscillator having very low intrinsic noises. The analysis shows
    that proposed scheme allows to overpass the free test mass  Standard Quantum
    Limit by the factor $\xi\simeq 0.1$.",
}

@ARTICLE{01a2Kh,
  AUTHOR  = "{F.Ya.Khalili}",
  TITLE   = "Frequency-dependent rigidity in large-scale interferometric gravitational-wave detectors",
  JOURNAL = PLA,
  VOLUME  = 288,
  YEAR    = 2001,
  PAGES   = "251-256",
  ABSTRACT = "Electromagnetic rigidity which exists in large-scale optical resonators if
    pumping frequency is detuned from the eigenfrequency of resonator have
    sophisticated spectral dependence which allows to obtain sensitivity better
    than the Standard Quantum Limits both for the free test mass and the harmonic
    oscillator."
}

@ARTICLE{01a1VoRe,
  AUTHOR  = "{Yu.I.Vorontsov, Yu.A.Rembovsky}",
  TITLE   = "The observable that is positive in classical domain and negative in quantum one",
  JOURNAL = PLA,
  VOLUME  = 285,
  YEAR    = 2001,
  PAGES   = "251-256",
  ABSTRACT = "It is shown that the average value of operator that corresponds to product of
    classical coordinate and momentum quadrates might be negative. Mathematical and physical
    consequences of such non-classical property of operators are discussed."
}

@ARTICLE{02a1BrVy,
  AUTHOR  = "{V. B. Braginsky and S. P. Vyatchanin}",
  TITLE   = "Low Quantum Noise Tranquilizer",
  JOURNAL = PLA,
  VOLUME  = 293,
  YEAR    = 2002,
  PAGES   = "228-234",
  ABSTRACT = "We discuss the possibility to introduce low noise damping
    produced by light into mechanical oscillator (one of the Fabry-Perot (FP)
    resonator mirrors is the mechanical resonator). Pumping FP resonator, by
    light detuned from resonance one can create the positive or negative
    rigidity in mechanical oscillator. Such a rigidity being introduced with
    delay (of the order of relaxation time of FP resonator) is equivalent to
    additional low noise damping. We propose to introduce this damping to tranquilize
    (to depress) parametric oscillatory instability in FP interferometer
    (Phys, Lett. A 287 (2001) 33 1) which is undesirable in laser gravitational
    wave antennae.",
  LINK = "http://hbar.phys.msu.ru/articles/02a1BrVy.pdf",
}

@ARTICLE{02a1BiBrMa,
  AUTHOR  = "{I. A. Bilenko, V. B. Braginsky, N. Yu. Markova}",
  TITLE   = "Thermal and excess noise in suspension fibres",
  JOURNAL = "Class. Quantum Grav.",
  VOLUME  = 19,
  YEAR    = 2002,
  PAGES   = "2035-2038",
ABSTRACT  = "We present a progress report on the measurement of
mechanical noise on the mirrors suspension prototypes. The
excess noise in the metal wires was detected. The advanced
technique for the fused silica fibers test was developed",
}

@ARTICLE{02a1BrStVy,
  AUTHOR  = "{V. B.  Braginsky, S. E. Strigin and S. P. Vyatchanin}",
  TITLE   = "Analysis of Parametric Oscillatory Instability
     in Power Recycled LIGO Interferometer",
  JOURNAL = PLA,
  VOLUME  = 305,
  YEAR    = 2002,
  PAGES   = "111-124",
ABSTRACT = "We present the analysis of a nonlinear effect of parametric
oscillatory instability in power recycled LIGO interferometer with
the Fabry-Perot (FP) cavities in the arms. The basis for this
effect is the excitation of the additional (Stokes) optical mode
with frequency $\omega_1$ and the mirror elastic mode with
frequency $\omega_m$, when the optical energy stored in the main
FP cavity mode with frequency $\omega_0$ exceeds the certain
threshold and the frequencies are related as $\omega_0\simeq
\omega_1+\omega_m$. The presence  of anti-Stokes modes (with
frequency $\omega_{1a}\simeq \omega_0+\omega_m$) can  depress
parametric instability. However, it is very likely that the
anti-Stokes modes will not compensate the parametric instability
completely.",
  LINK = "http://hbar.phys.msu.ru/articles/02a1BrStVy.pdf",
}

@ARTICLE{02a1BiLu,
  AUTHOR  = "{I. A. Bilenko, S. L. Lourie}",
  TITLE   = "Measurement of effective noise temperature in fused silica
             fiber violin modes",
  JOURNAL = PLA,
  VOLUME  = 305,
  YEAR    = 2002,
  PAGES   = "31-36",
ABSTRACT = "The results of measurements of the effective noise temperature
            in fused silica fiber violin modes are presented. In these
            measurements the fibers were stressed and value of the effective
            noise temperature was obtained by direct observation of ocillations
            in the fundamental violin modes of several samples. Measured values
            indicate that effective noise temperature does not exceed the room
            temperature significantly. This result is important for the design
            of the advanced gravitational wave antennae.",
  LINK = "http://hbar.phys.msu.ru/articles/02a1BiLu.pdf",
}

@ARTICLE{02a1MiStTo,
  AUTHOR  = "{V.P.Mitrofanov, N.A.Styazhkina, K.V.Tokmakov}",
  TITLE   = "Test mass damping associated with electrostatic actuator",
  JOURNAL = "Class. Quantum. Grav.",
  VOLUME  = 19,
  YEAR    = 2002,
  PAGES   = "2039-2043",
  ABSTRACT = "The main sources of damping of the test mass oscillation
              associated with the electric field of a multistrip actuator
              are described. The possibility of cool electrical damping with
              the small increase of the test mass thermal noise is discussed.",
  LINK = "http://hbar.phys.msu.ru/articles/02a1MiStTo.pdf",
}

@ARTICLE{02a1WiSaWeMi,
  AUTHOR  = "{P.Willems, V.Sannibale, J.Weel, V.Mitrofanov}",
  TITLE   = "Investigation of the dynamics and mechanical disssipation of a fused silica suspension",
  JOURNAL = PLA,
  VOLUME  = 297,
  YEAR    = 2002,
  PAGES   = "37-48",
  ABSTRACT = "The quality factor (Q) of a violin mode of a fiber under
             tension is related to the Q of the unloaded fiber by the dilution factor.
            We calculate this dilution factor from measurements of the Q's and compare
            to measurements based on the shift of the violin mode frequencies with
            temperature, and to theoretical predictions. We also report supporting
            measurements of the temperature dependence of the Young's modulus of
            fused silica. The Q's of the violin modes are the highest yet measured
            in fused silica mechanical resonators.",
  LINK = "http://hbar.phys.msu.ru/articles/02a1WiSaWeMi.pdf",
}

@ARTICLE{02a1MiPrTo,
  AUTHOR  = "{V.P.Mitrofanov, L.G.Prokhorov, K.V.Tokmakov}",
  TITLE   = "Variation of electric charge on prototype of fused silica test mass of
gravitational wave antenna",
  JOURNAL = PLA,
  VOLUME  = 300,
  YEAR    = 2002,
  PAGES   = "370-374",
  ABSTRACT = "Results of long-term measurements of electric charge
          located on the fused silica test mass suspended by fused
      silica fibers are presented. The charge was measured by means
     of the capacitive probe placed in the vicinity of the oscillating
     test mass end face. The continuous rise of electric charge was
      observed after the vacuum chamber evacuation when the initial
    charge density was of order of 10-14 C/cm2. Rare large jumps of
    electric charge and synchronous jumps of the test mass oscillation
    amplitude were observed as well. The jumps of the amplitude may be
    interpreted as a result of the additional damping. Possible cause of
    the electric charge variations associated with the cosmic ray effect
     is discussed. The charge variations may produce the excess noise in
     interferometric gravitational wave detectors.",
  LINK = "http://hbar.phys.msu.ru/articles/02a1MiPrTo.pdf",
}

@ARTICLE{02a1Re,
  AUTHOR  = "{Yu.A.Rembovsky}",
  TITLE   = "Continuous measurement: partial selection",
  JOURNAL = PLA,
  VOLUME  = 297,
  YEAR    = 2002,
  PAGES   = "300-306",
  LINK = "http://hbar.phys.msu.ru/articles/02a1Re.pdf",
  ABSTRACT = "This Letter is devoted to the consideration of the
         continuous indirect measurement in the case of approximate
         measurement of the QRS observable. The equation of object
         matrix evolution is obtained. This equation is compared
         with the equation obtained by restricted path integral (RPI) method.
        The general solution of equation that has been obtained is found.",
  LINK = "http://hbar.phys.msu.ru/articles/02a1Re.pdf",
}

@ARTICLE{02a2Re,
  AUTHOR  = "{Yu.A.Rembovsky}",
  TITLE   = "Continuous measurement and quantum oscillation evolution",
  JOURNAL = PLA,
  VOLUME  = 305,
  YEAR    = 2002,
  PAGES   = "1-6",
  ABSTRACT = "The goal of this Letter is to examine linear system evolution
    under external action during continuous partially selective measurement
    of its coordinate. The equation, obtained in the article Phys. Lett. A 297
    (2002) 300, generalized for the case of optimal observable of quantum
   reading system (QRS) choice, was used for the analysis.",
  LINK = "http://hbar.phys.msu.ru/articles/02a2Re.pdf",

}

@ARTICLE{02a1Kh,
  AUTHOR  = "{F.Ya.Khalili}",
  TITLE   = "The `optical lever' intracavity readout scheme for gravitational-wave antennae",
  JOURNAL = PLA,
  VOLUME  = 298,
  YEAR    = 2002,
  PAGES   = 308,
  ABSTRACT = "An improved version of the ``optical bar'' intracavity readout scheme for
gravitational-wave antennae is considered. It can be called ``optical lever''
because it can provide significant gain in the signal displacement of the
local mirror similar to the gain which can be obtained using ordinary
mechanical lever with unequal arms. In this scheme displacement of the local
mirror can be close to the signal displacement of the end mirrors of
hypothetical gravitational-wave antenna with arm lengths equal to the
half-wavelength of the gravitational wave."
}

@ARTICLE{02a1DaKh,
  AUTHOR  = "{S.L.Danilishin, F.Ya.Khalili}",
  TITLE   = "{Stroboscopic Variation Measuremen}",
  JOURNAL = PLA,
  VOLUME  = 300,
  YEAR    = 2002,
  PAGES   = 547,
  ABSTRACT = "A new procedure of the linear position measurement which allows to
obtain sensitivity better than the Standard Quantum Limit and close to the
Energetic Quantum Limit is proposed and analyzed in detail. Proposed method is
based on the principles of stroboscopic quantum measurement and variation
quantum measurement and allows to avoid main disadvantages of both these
procedures. This method can be considered as a good candidate for use as a
local position meter in the ``intracavity'' topologies of the laser
gravitational-wave antennae."
}

@ARTICLE{02a2Kh,
  AUTHOR  = "{F.Ya.Khalili}",
  TITLE   = "{Quantum speedmeter and laser interferometric gravitational-wave
    antennae}",
  JOURNAL = "arXive:gr-gc/0211088",
  VOLUME  = "",
  YEAR    = 2002,
  PAGES   = "",
  ABSTRACT = "A new topology of laser interferometric gravitational-wave antenna is
considered. It is based on two schemes: {\em quantum speedmeter} and {\em
zero-area Sagnac interferometer} and allows to obtain sensitivity better than
the Standard Quantum Limit in wide band without any large-scale modifications
of the standard topology of the laser interferometric antennae."
}

@ARTICLE{02a1KiLeMaThVy,
  AUTHOR  = "{H.J.Kimble, Yu.Levin, A.B.Matsko, K.S.Thorne and S.P.Vyatchanin}",
  TITLE   = "Conversion of conventional gravitational-wave interferometers into QND interferometers by modifying their input and/or output optics",
  JOURNAL = PRD,
  VOLUME  = 65,
  YEAR    = 2001,
  PAGES   = "022002",
  ARCHIVE = "gr-qc/0008026"
}

@ARTICLE{03a1BrGoKhMaThVy,
  AUTHOR  = "{V.B.Braginsky, M.L.Gorodetsky, F.Ya.Khalili, A.B.Matsko, K.S.Thorne and S.P.Vyatchanin}",
  TITLE   = "The noise in gravitational-wave detectors and other classical-force
measurements is not influenced by test-mass quantization",
  JOURNAL = PRD,
  VOLUME  = 67,
  YEAR    = 2003,
  PAGES   = "082001",
  ABSTRACT = "It is shown that photon shot noise and radiation-pressure back-action noise
are the sole forms of quantum noise in interferometric gravitational wave
detectors that operate near or below the standard quantum limit,
if one filters the interferometer output appropriately.
No additional noise arises from the
test masses' initial quantum state or from
reduction of the test-mass state due to measurement of the
interferometer output or from the uncertainty principle associated with
the test-mass state. Two features of interferometers are central to these
conclusions: (i) The interferometer output (the photon number flux $\hat
{\cal N}(t)$ entering the final photodetector) commutes with itself at
different times in the Heisenberg Picture, $[\hat {\cal N}(t),\hat {\cal
N}(t')] = 0$ and thus can be regarded as classical. (ii) This number flux is
linear to high accuracy in the test-mass initial position and momentum
operators $\hat x_o$ and $\hat p_o$, and those operators influence the
measured photon flux $\hat {\cal N}(t)$ in manners that
can easily be removed by filtering.  For example, in most interferometers
$\hat x_o$ and $\hat p_o$ appear in $\hat{\cal N}(t)$ only
at the test masses' $\sim 1$~Hz pendular swinging freqency and their
influence is removed when the output data are high-pass filtered to
get rid of noise below $\sim 10$ Hz.

The test-mass operators $\hat x_o$ and $\hat p_o$ contained in the unfiltered
output $\hat {\cal N}(t)$ make a nonzero contribution to the commutator
$[\hat {\cal N}(t), \hat {\cal N}(t')]$.  That contribution is precisely
cancelled by a nonzero commutation of the photon shot noise and
radiation-pressure noise, which also are contained in $\hat {\cal N}(t)$.
This cancellation of commutators is responsible for the fact that it is
possible to derive an interferometer's standard quantum limit from test-mass
considerations, and independently from photon-noise considerations, and get
identically the same result.

These conclusions are all true for a far wider class of measurements than just
gravitational-wave interferometers.  To elucidate them, this paper
presents a series of idealized thought experiments that are free from
the complexities of real measuring systems."
}

@ARTICLE{03a1Br,
  AUTHOR  = "{В. Б. Брагинский}",
  TITLE   = "Отрочество экспериментальной физики",
  JOURNAL = UFN,
  VOLUME  = "",
  YEAR    = 2003,
  PAGES   = "в печати"
}

@ARTICLE{03a1BrVy,
  AUTHOR  = "{V.B.Braginsky, S.P.Vyatchanin}",
  TITLE   = "Thermodynamical fluctuations in optical mirror coatings",
  JOURNAL = PLA,
  VOLUME  = "312",
  YEAR    = 2003,
  PAGES   = "244-255",
  ABSTRACT = "Thermodynamical (TD) fluctuations of temperature in mirrors may produce
 surface fluctuations not only through thermal expansion in mirror body
 but also through thermal expansion in mirror coating. We analyze
 the last  surface  effect which can be larger than the first
 volume  one due to larger thermal expansion coefficient of coating
 material and smaller effective volume. In particular, these fluctuations
 may be important in laser interferometric gravitational antennae.",
  LINK = "http://hbar.phys.msu.ru/articles/03a1BV.pdf",
}

@ARTICLE{03a1GoGr,
  AUTHOR  = "{M.L.Gorodetsky, I.S.Grudinin}",
  TITLE   = "Fundamental thermal fluctuations in microspheres",
  JOURNAL = "arXiv:cond-mat/0304049",
  VOLUME  = "",
  YEAR    = 2003,
  PAGES   = ""
}

@ARTICLE{03a1BrSa,
  AUTHOR  = "{V.B.Braginsky, A.A. Samoilenko}",
  TITLE   = "Measurements of the optical mirror coating properties",
  JOURNAL = PLA,
  VOLUME  = "315",
  YEAR    = 2003,
  PAGES   = "175"
}

@ARTICLE{03a1BiSa,
  AUTHOR  = "{Биленко И.А., Самойленко А.А.}",
  TITLE   = "Эффект оптической жесткости в резонаторе Фабри-Перо",
  JOURNAL = VMU,
  VOLUME  = "4",
  YEAR    = 2003,
  PAGES   = "39"
}

@ARTICLE{03a1eBiSa,
  AUTHOR  = "{I.A.Bilenko, A.A.Samoilenko}",
  TITLE   = "",
  JOURNAL = "Vestnik Moscovskogo Universiteta, series 3",
  VOLUME  = "4",
  YEAR    = 2003,
  PAGES   = "39"
}

@ARTICLE{03a1MiTo,
  AUTHOR  = "{V.P. Mitrofanov, K.V. Tokmakov}",
  ╟TITLE   = "Efect of heating on dissipation of mechanical energy in fused silica fibers",
  JOURNAL = PLA,
  VOLUME  = 308,
  YEAR    = 2003,
  PAGES   = "212-218"
}

@ARTICLE{03a1Kh,
  AUTHOR  = "{F.Ya.Khalili}",
  TITLE   = "Low pumping energy mode of the ``optical bars''/``optical lever''
  topologies of gravitational-wave antennae",
  JOURNAL = PLA,
  VOLUME  = 317,
  YEAR    = 2003,
  PAGES   = "169-180",
  ABSTRACT = "The ``optical bars''/``optical lever'' topologies of gravitational-wave
antennae allow to obtain sensitivity better that the Standard Quantum Limit
while keeping the optical pumping energy in the antenna relatively low.
Element of the crucial importance in these schemes is the local meter which
monitors the local test mirror position. Using cross-correlation of this meter
back-action noise and its measurement noise it is possible to further decrease
the optical pumping energy. In this case the pumping energy minimal value will
be limited by the internal losses in the antenna only. Estimates show that for
values of parameters available for contemporary and planned gravitational-wave
antennae, sensitivity about one order of magnitude better than the Standard
Quantum Limit can be obtained using the pumping energy about one order of
magnitude smaller energy than is required in the traditional topology in order
to obtain the the Standard Quantum Limit level of sensitivity."
}

@ARTICLE{04a1BrVy,
  AUTHOR  = "{V.B.Braginsky, S.P.Vyatchanin}",
  TITLE   = "Corner reflectors and Quantum-Non-Demolition Measurements in
    gravitational wave antennae",
  JOURNAL = PLA,
  VOLUME  = 324,
  YEAR    = 2004,
  PAGES   = "345-360",
  ARCHIVE = "cond-mat/0402650"
}

@ARTICLE{04a1BiLo,
  AUTHOR  = "{I.A.Bilenko, S.L.Lourie}",
 ╟TITLE   = "Mechanical losses in thin fused silica fibers",
  JOURNAL = CQG,
  VOLUME  = 21,
  YEAR    = 2004,
  PAGES   = "1231"
}

@ARTICLE{04a2BiLo,
  AUTHOR    = "{И.А.Биленко, С.Л.Лурье}",
  TITLE     = "Исследование диссипации в крутильных модах осцилляторов на тонких нитях из плавленого кварца.",
  JOURNAL = VMU,
  NUMBER    = "4",
  PAGES     = "68-70",
  YEAR      = "2004",
}

@ARTICLE{04a1KhVy,
  AUTHOR  = "{С.П.Вятчанин, Ф.Я.Халили}",
  TITLE   = "{Измерение `без взаимодействия': возможности и ограничения}",
  JOURNAL = "Успехи Физических Наук",
  VOLUME  = 174,
  YEAR    = 2004,
  PAGES   = "765-777",
  ABSTRACT = ""
}

@ARTICLE{04a1Da,
  AUTHOR  = "{S.L.Danilishin}",
  TITLE   = "Sensitivity limitations in optical speed meter topology of
gravitational-wave antennae.",
  JOURNAL = PRD,
  VOLUME  = 69,
  YEAR    = 2004,
  PAGES   = "102003",
  ABSTRACT = "The possible design of QND gravitational-wave detector
based on speed meter principle is considered with respect to optical
losses. The detailed analysis of speed meter interferometer is performed
and the ultimate sensitivity that can be achieved is calculated. It is
shown that unlike the position meter signal-recycling can hardly be
implemented in speed meter topology to replace the arm cavities as it is
done in signal-recycled detectors, such as GEO 600. It is also shown
that speed meter can beat the Standard Quantum Limit (SQL) by the factor
of $\sim 3$ in relatively wide frequency band, and by the factor of
$\sim 10$ in narrow band. For wide band detection speed meter requires
quite reasonable amount of circulating power $\sim 1$ MW. The advantage
of the considered scheme is that it can be implemented with minimal
changes in the current optical layout of LIGO interferometer.",
  ARCHIVE = "arXiv:gr-qc/0312016"
}

@ARTICLE{04a1MiPrToWi,
  AUTHOR = "{V. Mitrofanov, L. Prokhorov, K.Tokmakov and P.Willems}",
  TITLE = "",
  JOURNAL = CQG,
  VOLUME = 21,
  YEAR = 2004,
  PAGES = 1083
}

@ARTICLE{04a1FeRoCaCrGrHaHoPeSnVy,
  AUTHOR = "{ M.M.Fejer, S.Rowan, G.Cagnol, D.R.M.Crooks, A.Gretarsson , G.M.Harry, J.Hough, S.D.Penn, P.H.Sneddon  and S.P.Vyatchanin}",
  TITLE = "Thermoelastic dissipation in  inhomogeneous media: loss measurements and displacement noise in coated test masses for interferometric gravitational wave detectors",
  JOURNAL = PRD,
  VOLUME = 70,
  YEAR = 2004,
  PAGES = 083003
}

@ARTICLE{04a1GOGr,
  AUTHOR    = "M.~L.~Gorodetsky, I.~S.~Grudinin",
  TITLE     = "Fundamental thermal fluctuations in microspheres",
  JOURNAL   = "JOSA B",
  VOLUME    = "21",
  PAGES     = "697",
  YEAR      = "2004",
}


@ARTICLE{04a1AmShStThVy,
  AUTHOR  = "{E.D'Ambrosio,  R.O'Shaughnessy, S.E.Strigin, K.Thorne and S.P.Vyatchanin}",
  TITLE   = "{}",
  JOURNAL = "arxiv:gr-qc/0409075",
  VOLUME  = "",
  YEAR    = 2002,
  PAGES   = ""
}

@ARTICLE{04a1ShStVy,
  AUTHOR  = "{R.O'Shaughnessy, S.E.Strigin, S.P.Vyatchanin}",
  TITLE   = "{}",
  JOURNAL = "arxiv:gr-qc/0409059",
  VOLUME  = "",
  YEAR    = 2002,
  PAGES   = ""
}

@ARTICLE{05a1LaVy,
  AUTHOR = "{V.I.Lazebny, S.P.Vyatchanin}",
  TITLE   = "",
  JOURNAL = PLA,
  VOLUME  = 344,
  YEAR    = 2005,
  PAGES   = 7
}

@ARTICLE{05a1Kh,
  AUTHOR  = "{F.Ya.Khalili}",
  TITLE   = "Reducing the mirrors coating noise in laser gravitational-wave
antennae by means of double mirrors",
  JOURNAL = PLA,
  VOLUME  = 334,
  YEAR    = 2005,
  PAGES   = "67-72",
  ARCHIVE = "arXiv:gr-qc/0406071"
}

@ARTICLE{05p1MiPrTo,
  AUTHOR = "{V.P.Mitrofanov, L.G. Prokhorov, K.V.Tokmakov}",
  JOURNAL = "DCC G050097-00-Z, Talk at LSC meeting, Livingston",
  YEAR = "March 2005"
}

@ARTICLE{05p1MiTo,
  AUTHOR = "{V.P.Mitrofanov, K.V.Tokmakov}",
  JOURNAL = "Talk at LSC meeting, Livingston",
  YEAR = "March 2005"
}


@ARTICLE{05a1BiLy,
  AUTHOR = "{I.A.Bilenko, N.Yu.Lyaskovskaya}",
  TITLE = "The investigation of thermal and non-thermal noises in fused silica fibers for Advanced LIGO suspension",
  JOURNAL = PLA,
  VOLUME  = 339,
  YEAR    = 2005,
  PAGES   = 181
}

@conference{05a1Ta,
  author = "{S.P.Tarabrin}",
  title = "Diffractional losses in corner reflectors",
  booktitle = "Proceedings of 7th International Conference on Laser and Fiber-Optical Networks Modeling",
  year = 2005,
  pages = "240--243"
}

@ARTICLE{06a1CoChKhOtVyWhMa,
  AUTHOR  = "{Thomas Corbitt, Yanbei Chen, Farid Khalili, David Ottaway, Sergey Vyatchanin, Stan Whitcomb, and Nergis Mavalvala}",
  TITLE   = "A squeezed state source using radiation-pressure-induced rigidity",
  JOURNAL = PRA,
  VOLUME  = "73",
  YEAR    = 2006,
  PAGES   = "023801",
  ARCHIVE = "arXiv:gr-qc/0511001"
}

@ARTICLE{06a1DaKh,
  AUTHOR  = "{S.L.Danilishin, F.Ya.Khalili}",
  TITLE   = "Practical design of the optical lever intracavity topology of gravitational-wave detectors",
  JOURNAL = PRD,
  VOLUME  = 73,
  YEAR    = 2006,
  PAGES = "022002",
  ABSTRACT = " The QND intracavity topologies of gravitational-wave detectors proposed several years ago allow, in principle, to obtain sensitivity significantly better than the Standard Quantum Limit using relatively small anount of optical pumping power. In this article we consider an improved more ``practical'' version of the optical lever intracavity scheme. It differs from the original version by the symmetry which allows to suppress influence of the input light amplitude fluctuation. In addition, it provides the means to inject optical pumping inside the scheme without increase of optical losses.
We consider also sensitivity limitations imposed by the local meter which is the key element of the intracavity topologies. Two variants of the local meter are analyzed, which are based on the spectral variation measurement and on the Discrete Sampling Variation Measurement, correspondingly. The former one, while can not be considered as a candidate for a practical implementation, allows, in principle, to obtain the best sensitivity and thus can be considered as an ideal ``asymptotic case'' for all other schemes. The DSVM-based local meter can be considered as a realistic scheme but its sensitivity, unfortunately, is by far not so good just due to a couple of peculiar numeric factors specific for this scheme.
>From our point of view search of new methods of mechanical QND measurements probably based on improved DSVM scheme or which combine the local meter with the pondermotive squeezing technique, is necessary.",
  ARCHIVE = "arXiv:gr-qc/0508022"
}

@ARTICLE{06a1KhLaVy,
  AUTHOR  = "{F.Ya.Khalili, V.I.Lazebny, and S.P.Vyatchanin}",
  TITLE = "Sub-standard-quantum-limit sensitivity via optical rigidity in the advanced LIGO interferometer with optical losses",
  JOURNAL = PRD,
  VOLUME  = 73,
  YEAR    = 2006,
  PAGES = "062002",
}

@ARTICLE{06a1Kh,
  AUTHOR  = "{F.Ya.Khalili}",
  TITLE = "Quantum variational measurement and the optical lever intracavity topology of gravitational-wave detectors",
  JOURNAL = PRD,
  VOLUME  = 75,
  YEAR    = 2007,
  PAGES = 082003,
  ARCHIVE = "arXiv:gr-qc/0607028",
}

@ARTICLE{06a2Kh,
  AUTHOR  = "{F.Ya.Khalili}",
  TITLE = "Quantum variational measurement in the next generation gravitational-wave detectors",
  JOURNAL = PRD,
  VOLUME = 76,
  PAGES = 102002,
  YEAR = 2007,
  ARCHIVE ="arXiv:gr-qc/0609058",
}

@ARTICLE{06p1MiPr,
  AUTHOR = "{L.G. Prokhorov, V.P.Mitrofanov}",
  JOURNAL = "DCC G060080-00-Z, Talk at LSC meeting, Hanford",
  YEAR = "March 2006"
}

@ARTICLE{06a1BrRyVy,
  AUTHOR  = "{V.B.Braginsky, O.G.Ryazhskaya, S.P.Vyatchanin}",
  TITLE = "Notes about noise in gravitational wave antennas created by cosmic rays",
  JOURNAL = PLA,
  VOLUME = 350,
  YEAR = 2006,
  PAGES = 1
}

@ARTICLE{06a2BrRyVy,
  AUTHOR  = "{V.B.Braginsky, O.G.Ryazhskaya, S.P.Vyatchanin}",
  TITLE = "Limitations in Quantum Measurements Resolution Created by Cosmic Rays",
  JOURNAL = PLA,
  VOLUME = 359,
  YEAR = 2006,
  PAGES = 86
}

@ARTICLE{06a1GuStVy,
  AUTHOR = "{A.G. Gurkovsky, S. E. Strigin and S.P. Vyatchanin}",
  TITLE = "Analysis of parametric oscillatory instability signal recycled LIGO interferometer",
  JOURNAL = PLA,
  VOLUME = 362,
  YEAR = 2007,
  PAGES = 91,
  NOTE = "arXive: gr-qc/0608007"
}

@ARTICLE{06a1StVy,
  AUTHOR = "{S. E. Strigin and S.P. Vyatchanin}",
  TITLE = "Analysis of parametric oscillatory instability in signal recycled LIGO interferometer with different arms",
  JOURNAL = PLA,
  VOLUME = 365,
  YEAR = 2007,
  PAGES = 10,
}

@ARTICLE{07p1MiPrKh,
  AUTHOR = "{V.P.Mitrofanov, L.G.Prokhorov, P.E.Khramchenkov}",
  JOURNAL = "DCC G070204-00-Z, Talk at LSC meeting, Hanford",
  YEAR = "March 2007"
}

@ARTICLE{07a1PrKhMi,
  AUTHOR = "{L.G.Prokhorov, P.E.Khramchenkov, V.P.Mitrofanov}",
  TITLE = "",
  JOURNAL = PLA,
  VOLUME = 366,
  YEAR = 2007,
  PAGES = 145
}

@ARTICLE{07a1StVy,
  AUTHOR = "{S. E. Strigin and S.P. Vyatchanin}",
  TITLE = "Analysis of parametric oscillatory instability in signal recycled LIGO interferometer with different arms",
  JOURNAL = PLA,
  VOLUME = 365,
  YEAR = 2007,
  PAGES = 10,
  ARCHIVE = "arXiv:gr-qc/0608007"
}

@ARTICLE{07a1GuVy,
  AUTHOR = "{A.G. Gurkovsky and S.P. Vyatchanin}",
  TITLE = "Parametric instability in GEO 600 interferometer",
  JOURNAL = PLA,
  VOLUME = "370",
  YEAR = 2007,
  PAGES = 177
}

@ARTICLE{07a1PoVy,
  AUTHOR = "{A.G. Polyakov and S.P. Vyatchanin}",
  TITLE = "Precursors of Parametric Oscillatory Instability in LIGO Interferometer",
  JOURNAL = PLA,
  VOLUME = "368",
  YEAR = 2007,
  PAGES = 423
}

@ARTICLE{07a2PoVy,
  AUTHOR = "{A.G. Polyakov and S.P. Vyatchanin}",
  TITLE = "Precursors of Parametric Oscillatory Instability in LIGO Interferometer",
  JOURNAL = SPIE,
  VOLUME = "67270S",
  YEAR = 2007,
  PAGES = ""
}

@ARTICLE{07a1GuStVy,
  AUTHOR = "{A.G. Gurkovsky, S.E. Strigin and S.P. Vyatchanin}",
  TITLE = "",
  JOURNAL = PLA,
  VOLUME = "362",
  YEAR = 2007,
  PAGES = 91
}

@ARTICLE{07a2StVy,
  AUTHOR = "{S.E.Strigin  and S.P.Vyatchanin}",
  TITLE = "",
  JOURNAL = "Quantum Electronics",
  VOLUME = "37",
  YEAR = 2007,
  PAGES = 1097
}

@ARTICLE{07a1Kh,
  AUTHOR  = "{F.Ya.Khalili}",
  TITLE = "Increasing future gravitational-wave detectors sensitivity by means of amplitude filter cavities and quantum entanglement",
  JOURNAL = PRD,
  VOLUME  = 77,
  PAGES = 062003,
  YEAR    = 2008,
}

@ARTICLE{07a1Ta,
  author  = "{S.P. Tarabrin}",
  journal = PRD,
  volume  = 75,
  pages   = 102002,
  year    = 2007,
  ARCHIVE = "{arXiv:gr-qc/0701156v2}"
}

@MISC{07p1TaVy,
  author  = "{S.P. Tarabrin and S.P. Vyatchanin}",
  NOTE    = "{LIGO document G070790-00}",
  year    = 2007
}

@MISC{07p2TaVy,
  author  = "{S.P. Tarabrin and S.P. Vyatchanin}",
  NOTE    = "{LIGO document G070805-00}",
  year    = 2007
}

@ARTICLE{08a1KoSiKhDa,
  AUTHOR =  "{I.S. Kondrashov, D.A. Simakov, F.Ya. Khalili and S.L. Danilishin}",
  TITLE = "Optimizing the regimes of the Advanced LIGO gravitational wave detector for  multiple source types",
  JOURNAL = PRD,
  VOLUME  = 78,
  PAGES = 062004,
  YEAR    = 2008,
  ARHIVE = "arXiv:0806.1505",
}

@MISC{08a1DaMuReSoScDaCoWiMaCh,
  AUTHOR = "{S.Danilishin, H.Mueller-Ebhardt, H.Rehbein, K.Somiya, R.Schnabel, K.Danzmann, T.Corbitt, C.Wipf, N.Mavalvala, and Y.Chen}",
  TITLE = "Creation of a quantum oscillator by classical control",
  NOTE  = "{LIGO Document P080086-00-R}",
  YEAR  = 2008
}

@MISC{nongaussian_long_paper,
  AUTHOR = "{The same gang}",
  TITLE = "{Non-gaussian states of mechanical systems: path integrals approach}",
  NOTE = "{\it paper in preparation}",
}

@ARTICLE{08a1Go,
  AUTHOR =  "{M.L.Gorodetsky}",
  TITLE = "Thermal noises and noise compensation in high-reflection multilayer coating",
  JOURNAL = PLA,
  VOLUME  = 372,
  PAGES = "6813-6822",
  YEAR    = 2008,
  ARHIVE = "",
}

@ARTICLE{08a1StBlGrVy,
  AUTHOR = "{S.E.Strigin, D.G.Blair, S.Grass, and S.P. Vyatchanin}",
  TITLE = "Numerical calculations of elastic modes frequencies for parametric oscillatory instability  in Advanced LIGO interferometer",
  JOURNAL = PLA,
  VOLUME  = 372,
  PAGES = 5727,
  YEAR  = 2008,
}

@ARTICLE{08a1St,
  AUTHOR = "{S.E.Strigin}",
  TITLE = "Elastic modes frequencies in the mirrors with 'ears' for parametric oscillatory
instability in advanced LIGO interferometer",
  JOURNAL = PLA,
  VOLUME  = 372,
  PAGES = 6305,
  YEAR  = 2008,
}

@ARTICLE{08a1TaVy,
  AUTHOR = "{S.P.Tarabrin, S.P.Vyatchanin}",
  TITLE = "Displacement-Noise-Free GW Detection with a Single Fabry-Perot Cavity",
  JOURNAL = PLA,
  VOLUME  = 372,
  PAGES = 6801,
  YEAR  = 2008,
  ARCHIVE = "arXiv:gr-qc/0804.3955"
}

@ARTICLE{08a1TaSe,
  AUTHOR = "{S.P.Tarabrin, A.A.Seleznyov}",
  TITLE = "Optical position meters analyzed in the noninertial reference frames",
  JOURNAL = PRD,
  VOLUME  = 78,
  PAGES = 062001,
  YEAR  = 2008,
  ARCHIVE = "arXiv:gr-qc/0804.4292"
}

@article{08a2TaVy,
    author  =   "{S.P. Tarabrin, S.P. Vyatchanin}",
    title   =   "Displacement-noise-free gravitational-wave detection
with a single Fabry-Perot cavity: a toy model",
    journal =   "Phys. Rev. D, submitted to publication",
    volume  =   76,
    pages   =   022002,
    year    =   2008,
    eprint  =   "arXiv: "
}

@article{08a1Ta,
  author  =   "{S.P. Tarabrin}",
  title   =   "????",
  journal =   PRD,
  volume  =   76,
  pages   =   022002,
  year    =   2008,
  eprint  =   "arXiv: "
}

@ARTICLE{08a1UgGiHaMi,
  AUTHOR = "{D. Ugolini, M. Girard, G.M. Harry, V.P. Mitrofanov}",
  TITLE = "Discharging fused silica test masses with ultraviolet light",
  JOURNAL = PLA,
  VOLUME  = 372,
  PAGES = 5741,
  YEAR  = 2008,
}

@MISC{08a1Mi,
  AUTHOR  = "{V. Mitrofanov}",
  TITLE   = "Overview of charging research",
  NOTE    = "LIGO Document G080077-00-Z",
  YEAR    = 2008
}

@MISC{08a2Mi,
  AUTHOR  = "{V. Mitrofanov}",
  TITLE   = "Notes about fluctuating force acting on the LIGO test mass due to fluctuations of the magnetic field",
  NOTE    = "LIGO Document T080257-00-D",
  YEAR    = 2008
}

@ARTICLE{08alBiGr,
  AUTHOR = "{I. A. Bilenko and E. S. Gromova}",
  JOURNAL = VMUe,
  VOLUME = 63,
  ISSUE = 5,
  PAGES = "362-364",
  YEAR = 2008
}.

@ARTICLE{09a1KhMiCh,
  AUTHOR = "{F.Ya.Khalili, H.Miao, and Y.Chen}",
  TITLE = "Increasing the sensitivity of future gravitational-wave detectors with double squeezed-input",
  JOURNAL = PRD,
  VOLUME = "80",
  PAGES  = "042006",
  YEAR = 2009,
  lsc = "P0900015-v1"
}

@MISC{09MiPr01,
  AUTHOR  = "{V.P. Mitrofanov, L.G.Prokhorov}",
  NOTE    = "LIGO document G0900162",
  YEAR    = 2009
}

@MISC{09MiDm01,
  AUTHOR  = "{A.V. Dmitriev, S.D.Mescheryakov, K.V.Tokmakov, V.P.Mitrofanov}",
  NOTE    = "LIGO document G0900183",
  YEAR    = 2009
}

@ARTICLE{09a1ChDaKhMu,
  author  = "{Y.Chen, S.L.Danilishin, F.Y.Khalili, H.M\"uller-Ebhardt}",
  title   = "QND measurements for future gravitational-wave detectors",
  journal = "General Relativity and Gravitation",
  volume  = 43,
  number  = 2,
  pages   = 671,
  arxiv   = "{arXiv:0910.0319}",
  year    = 2011
}

@article{09a1MeStYa,
    author  =   "{V.V. Meleshko, S.E. Strigin, and M.S. Yakymenko}",
    title   =   " ",
    journal =   PLA,
    volume  =   373,
    pages   =   3701,
    year    =   2009
}

@ARTICLE{09a1YaFrWeGoDaScSoDa,
  author  = "{K.Yamamoto, D.Friedrich, T.Westphal, S.Go\ss{}ler, K.Danzmann, R.Schnabel, K.Somiya, S.L.Danilishin}",
  title   = "Quantum noise of a Michelson-Sagnac interferometer with translucent mechanical oscillator",
  journal = PRA,
  year    = 2010,
  volume  = 81,
  pages   = 033849,
  ARCHIVE = "{arXiv:0912.2603}"
}

@ARTICLE{10a1Kh,
  AUTHOR = "{F.Ya.Khalili}",
  TITLE = "Optimal configurations of filter cavity in future gravitational-wave detectors",
  JOURNAL = PRD,
  VOLUME = "81",
  PAGES  = 122002,
  YEAR = 2010
}

@article{10a1MiPr,
  title = "",
  author = "{L.G.Prokhorov and V.P.Mitrofanov}",
  journal = CQG,
  volume = 27,
  year = 2010,
  pages = 225014
}

@MISC{10a1MiPrTo,
  AUTHOR  = "{L.G.Prokhorov, K.V.Tokmakov, V.P.Mitrofanov}",
  NOTE = "LIGO document T1000601",
  year = 2010
}

@article{10a1GuVy,
  author = "{A.Gurkovsky, S.Vyatchanin}",
  title  = "The thermal noise in multilayer coating",
  journal = PLA,
  volume = 374,
  year = 2010,
  pages = "3267-3274"
}

@Article{10a2Kh,
  title = {Pass-through Mach-Zehnder topologies for macroscopic quantum measurements},
  author = {Khalili, F. Ya.},
  journal = {Phys. Rev. D},
  volume = {83},
  number = {12},
  pages = {122001},
  numpages = {11},
  year = {2011},
  month = {Jun},
  doi = {10.1103/PhysRevD.83.122001},
  publisher = {American Physical Society},
}

@ARTICLE{10a1Go,
  author = {G. Anetsberger and E. Gavartin and O. Arcizet and Q. P. Unterreithmeier
  and E. M. Weig and M. L. Gorodetsky and J. P. Kotthaus and T. J.
  Kippenberg},
  title = {Measuring nanomechanical motion with an imprecision below the standard
  quantum limit},
  journal = {PRA},
  year = {2010},
  volume = {82},
  pages = {061804(R)}
}

@article{10a1MiDaCh,
    author  =   "{H.Miao, S.Danilishin,  Y.Chen}",
    title   =   "Universal quantum entanglement between an oscillator and continuous fields",
    journal =   PRA,
    volume  =   81,
    pages   =   052307,
    year    =   2010,
}

@article{10a1MiDaMuReSoCh,
    author  =   "{H.Miao, S.Danilishin, H.M\"uller-Ebhardt, H.Rehbein, K.Somiya, Y.Chen}",
    title   =   "Probing macroscopic quantum states with a sub-Heisenberg accuracy",
    journal =   PRA,
    volume  =   81,
    pages   =   012114,
    year    =   2010,
}

@article{10a1KhDaMiMuYaCh,
  volume = {105},
  journal = {Phys. Rev. Lett.},
  month = {Aug},
  numpages = {4},
  author = {Khalili, Farid and Danilishin, Stefan and Miao, Haixing and M\"uller-Ebhardt, Helge and Yang, Huan and Chen, Yanbei},
  title = {Preparing a Mechanical Oscillator in Non-Gaussian Quantum States},
  year = {2010},
  url = {http://link.aps.org/doi/10.1103/PhysRevLett.105.070403},
  doi = {10.1103/PhysRevLett.105.070403},
  issue = {7},
  publisher = {American Physical Society},
  pages = {070403}
}

@Article{11a1KhDaMuMiChZh,
  title = {Negative optical inertia for enhancing the sensitivity of future gravitational-wave detectors},
  author = {Khalili, Farid  and Danilishin, Stefan  and M\"uller-Ebhardt, Helge  and Miao, Haixing  and Chen, Yanbei  and Zhao, Chunnong },
  journal = {Phys. Rev. D},
  volume = {83},
  number = {6},
  pages = {062003},
  numpages = {7},
  year = {2011},
  month = {Mar},
  doi = {10.1103/PhysRevD.83.062003},
  publisher = {American Physical Society}
}

@article{11a1KoGuGo,
  volume = {84},
  journal = {Phys. Rev. D},
  numpages = {9},
  month = {Jul},
  title = {Thermal noise and coating optimization in multilayer dielectric mirrors},
  author = {Kondratiev, N. M. and Gurkovsky, A. G. and Gorodetsky, M. L.},
  year = {2011},
  url = {http://link.aps.org/doi/10.1103/PhysRevD.84.022001},
  doi = {10.1103/PhysRevD.84.022001},
  issue = {2},
  publisher = {American Physical Society},
  pages = {022001}
}

@ARTICLE{11a1Vy,
  AUTHOR  = {K. Somiya and A.G. Gurkovsky and D. Heinert and S. Hild and R. Nawrodt and
S.P. Vyatchanin},
  TITLE   = {Reducing the mirrors coating noise  by using etalon},
  JOURNAL = {Physics Letters A},
  VOLUME  = {375},
  YEAR    = {2011},
  PAGES   = {1363 - 1374}
}

@ARTICLE{11a2Vy,
  AUTHOR  = {A.G. Gurkovsky and D. Heinert and S. Hild and R. Nawrodt and K. Somiya and
S.P. Vyatchanin and H. Wittel},
  TITLE   = {Reducing thermal noise in future gravitational-wave antennae by employng Khalili etalon},
  JOURNAL = {Physics Letters A},
  VOLUME  = {375},
  YEAR    = {2011},
  PAGES   = {4247 - 4157}
}

@article{11a1FrKaWeYaSaKhDaGoDaSc,
  title = {Laser interferometry with translucent and absorbing mechanical oscillators},
  author = "{D.Friedrich, H.Kaufer, T.Westphal, K.Yamamoto, A.Sawadsky, F.Ya.Khalili, S.Danilishin, S.Go\ss{}ler, K.Danzmann,R. Schnabel}",
  journal = "New Journal of Physics",
  volume =  13,
  pages = 093017,
  year  = 2011,
  arxiv = "arxiv:1104.3251"
}

@ARTICLE{11a1WeFrKaYaGoMuDaKhDaSc,
  AUTHOR  = "{T.Westphal, D.Friedrich, H.Kaufer, K.Yamamoto, S.Goßler, H.M\"uller-Ebhardt,  S.L.Danilishin, F.Ya.Khalili, K.Danzmann, and R.Schnabel}",
  TITLE   = "{Interferometer readout-noise below the Standard Quantum Limit of a membrane}",
  JOURNAL = "arXiv:1111.7236",
  VOLUME  = "",
  YEAR    = 2012,
  PAGES   = "",
}

@UNPUBLISHED{12a1DaKh,
  title = "{Quantum measurement theory in gravitational-wave detectors}",
  author = "{S.L.Danilishin, F.Ya.Khalili}",
  note = {accepted for publication in {\it Living Reviews in Relativity}},
  year = 2012
}
