@STRING{PLA = "Physics Letters A"}
@STRING{PRA = "Physical Review A"}
@STRING{PRD = "Physical Review D"}
@STRING{PRL = "Physical Review Letters"}
@STRING{RSI = "Rev.Sci.Instrum"}
@STRING{CQG = "Classical and Quantum Gravity"}
@STRING{APL = "Appl. Phys. Letts."}

@MISC{LIGOsite,
  NOTE="\url{http://www.ligo.caltech.edu}"
}

@MISC{VIRGOsite,
  NOTE="\url{http://www.virgo.infn.it/}"
}

@MISC{GEOsite,
  NOTE="\url{http://geo600.aei.mpg.de}"
}

@MISC{TAMAsite,
  NOTE="\url{http://tamago.mtk.nao.ac.jp}"
}

@MISC{AdvLIGOsite,
  NOTE="\url{www.advancedligo.mit.edu}"
}

@MISC{AdvLIGOrefdes,
  NOTE="\url{http://www.ligo.caltech.edu/$\sim$ligo2/scripts/12refdes.htm}"
}

@MISC{benchsite,
  NOTE="\url{http://ilog.ligo-wa.caltech.edu:7285/advligo/Bench}"
}

@MISC{GWINCsite,
  Title = "{Gravitational Wave Interferometer Noise Calculator ({GWINC})}",
  Note = "\url{https://nodus.ligo.caltech.edu:30889/wiki/doku.php?id=aic_wiki}"
}

@MISC{LCGTsite,
  NOTE="\url{http://www.icrr.u-tokyo.ac.jp/gr/LCGT.html}"
}

@MISC{ATNFsite,
  NOTE="The Australia National Telescope Facility (ATNF) Pulsar Catalogue,
  \url{http://www.atnf.csiro.au/research/pulsar/psrcat/}"
}

@MISC{ACIGAsite,
  NOTE="\url{http://www.anu.edu.au/Physics/ACIGA}"
}
@MISC{AIGOsite,
  NOTE="\url{http://www.gravity.uwa.edu.au/}"
}

@MISC{ETsite,
  NOTE="\url{http://www.et-gw.eu/}"
}

@MISC{AdvVIRGOsite,
  NOTE="\url{http://wwwcascina.virgo.infn.it/advirgo/}"
}

@misc{10m_site,
  note = "\url{10m-prototype.aei.uni-hannover.de/}"
}

@misc{CLIOsite,
  note = "\url{http://www.icrr.u-tokyo.ac.jp/gr/clio/clio.html}"
}

@misc{Gingin_site,
  note = "\url{www.gravity.uwa.edu.au}"
}

@MISC{comsol,
  NOTE="\url{http://www.comsol.com}"
}

@ARTICLE{Weiss1972,
  author  = "{R.Weiss}",
  journal = "{Quarterly Progress Report, Research Lab. of Electronics, M.I.T.}",
  volume  = 105,
  pages   = 54,
  year    = 1972
}

@BOOK{Gravitation,
  AUTHOR    = "{C.W.Misner, K.S.Thorne, J.A.Wheeler}",
  TITLE     = "Gravitation",
  PUBLISHER = "W. H. Freeman and Company, San Francisco",
  YEAR      = 1973
}

@article{Wille1974,
  Author = "{D.A.Wille and M.C.Hamilton}",
  Title = "Acousto-optic deflection in Ta$_2$O$_5$ waveguides",
  Journal = APL,
  Year = 1974,
  Volume = 24,
  Pages = 159
}

@ARTICLE{Drever1977,
  author  = "{R.W.P.Drever}",
  title   = "Gravitational wave astronomy",
  journal = "Royal Astronomical Society, Quarterly Journal",
  volume  = 18,
  pages   = "9-27",
  year    = 1977
}

@ARTICLE{Thorne1978,
  AUTHOR  =  "{Thorne K.S., R.W.P.Drever, C.M.Caves, M.Zimmerman, V.D.Sandberg}",
  JOURNAL = PRL,
  VOLUME  = 40,
  YEAR    = 1978,
  PAGES   = 667,
}

@Article{Caves1980,
  title = "On the measurement of a weak classical force coupled to a quantum-mechanical oscillator. I. Issues of principle",
  author = "Carlton M. Caves and Kip S. Thorne and Ronald W. P. Drever and Vernon D. Sandberg and Mark Zimmermann",
  journal = "Rev. Mod. Phys.",
  volume = "52",
  number = "2",
  pages = "341--392",
  numpages = "51",
  year = "1980",
  month = "Apr",
  doi = "10.1103/RevModPhys.52.341",
  publisher = "American Physical Society"
}

@ARTICLE{Ni1978,
  author  = "{W.-T.Ni and M.Zimmermann}",
  journal = PRD,
  volume  = 17,
  pages   = 1473,
  year    = 1978
}

@ARTICLE{Caves1981,
  AUTHOR  =  "{C.M.Caves}",
  TITLE   = "???",
  JOURNAL = PRD,
  VOLUME  = 23,
  YEAR    = 1981,
  PAGES   = 1693
}

@ARTICLE{vanVliet1980,
  AUTHOR    = "{K.M.van Vliet, A.van der Ziel, R.R.Scmidt}",
  TITLE     = "Temperature fluctuation noise of thin films supported by a substrate",
  JOURNAL   = "J.Appl. Phys.",
  VOLUME    = "51",
  PAGES     = "2947",
  YEAR      = "1980",
}

@ARTICLE{vanVliet1981,
  AUTHOR    = "{K.M.van Vliet and H.Menta}",
  TITLE     = "Theory of transport noise in semiconductors",
  JOURNAL   = "Phys. Stat. Solidi B",
  VOLUME    = "106",
  PAGES     = "11",
  YEAR      = "1981",
}

@CONFERENCE{Unruh1982,
  AUTHOR  = "{W.G.Unruh}",
  TITLE   = "",
  BOOKTITLE = "Quantum Optics, Experimental Gravitation, and Measurement Theory",
  EDITOR = "{P.Meystre and M.O.Scully}",
  PUBLISHER = "Plenum Press, New York",
  YEAR = 1982,
  PAGES = "647"
}

@ARTICLE{Ovcharenko1983,
  AUTHOR    = "{A.P.Ovcharenko, E.A.Lupashko}",
  TITLE     = "Multilayer dielectric coatings of unequal thickness",
  JOURNAL   = "Optics and Spectroscopy",
  VOLUME    = "55",
  PAGES     = "316",
  YEAR      = "1983",
}

@ARTICLE{Levenson1985,
  AUTHOR  =  "{M.D. Levenson, R.M. Shelby, and S.H. Perlmutter}",
  TITLE   = "???",
  JOURNAL = "Optics Letters",
  VOLUME  = 10,
  YEAR    = 1985,
  PAGES   = 514
}

@ARTICLE{Caves1985,
  author  = "{C.M.Caves and B.L.Schumaker}",
  journal = PRA,
  volume  = 31,
  pages   = 3068,
  year    = 1985
}

@ARTICLE{Schumaker1985,
  author  = "{B.L.Schumaker and C.M.Caves}",
  journal = PRA,
  volume  = 31,
  pages   = 3093,
  year    = 1985
}

@BOOK{300years,
  AUTHOR    = "{K.S.Thorne}",
  TITLE     = "300 Years of Gravitation",
  PUBLISHER = "Cambridge University Press",
  YEAR      = 1987
}

@ARTICLE{Chree1986,
  AUTHOR  = "{C.Chree}",
  TITLE   = "",
  JOURNAL = "Quart. J. Pure and Appl. Math.",
  VOLUME  = "21",
  PAGES   = "287-298",
  YEAR    = 1886
}

@ARTICLE{Meers1988,
  AUTHOR = "{B. J. Meers}",
  TITLE = "Recycling in laser-interferometric gravitational-wave detectors",
  JOURNAL = PRD,
  VOLUME = 38,
  YEAR = 1988,
  PAGES = "2317"
}

@ARTICLE{Dyre1988,
  AUTHOR = "{J.C.Dyre}",
  TITLE   = "",
  JOURNAL = "J. Appl. Phys.",
  VOLUME = 64,
  YEAR = 1988,
  PAGES = 2456
}

@ARTICLE{JaekelReynaud1990,
  AUTHOR  = "{M.T.Jaekel and S.Reynaud}",
  TITLE   = "Quantum Limits in Interferometric Measurements",
  JOURNAL = "Europhysics Letters",
  VOLUME  = 13,
  YEAR    = 1990,
  PAGES   = "301"
}

@ARTICLE{Galatola1991,
  AUTHOR  =  "{P. Galatola, L. Lugiato, M. Porreca, P. Tombesi, et G. Leuchs}",
  TITLE   = "System control by variation of the squeezing phase",
  JOURNAL = "Optics Communications",
  VOLUME  = 85,
  YEAR    = 1991,
  PAGES   = "95-103"
}

@ARTICLE{Abramovici1992,
  AUTHOR  = "{A.Abramovici {\it et al}}",
  TITLE   = "LIGO: The Laser Interferometer Gravitational-Wave Observatory",
  JOURNAL = "Science",
  VOLUME  = 256,
  YEAR    = 1992,
  PAGES   = 325
}

@ARTICLE{Kimble1992,
  AUTHOR  = "{G.Rempe, R.Tompson, H.J.Kimble}",
  TITLE   = "???",
  JOURNAL = "Optics Letters",
  VOLUME  = 17,
  YEAR    = 1992,
  PAGES   = "363"
}

@ARTICLE{Pace1993,
  AUTHOR  = "{A.F.Pace, M.J.Collett and D.F.Walls}",
  TITLE   = "",
  JOURNAL = PRA,
  VOLUME  = 47,
  YEAR    = 1993,
  PAGES   = "3173"
}

@ARTICLE{Mizuno1993,
  AUTHOR  = "{J.Mizuno, K.A.Strain, P.G.Nelson, J.M.Chen, R.Schilling, A.R\"udiger, W.Winkler, K.Danzmann}",
  TITLE   = "",
  JOURNAL = PLA,
  VOLUME  = 175,
  YEAR    = 1993,
  PAGES   = "273"
}

@ARTICLE{Marzlin1994,
  author  = "{K.-P.Marzlin}",
  journal = PRD,
  volume  = 50,
  pages   = 888,
  year    = 1994
}

@CONFERENCE{Thorne1995,
  AUTHOR = "{K.S.Thorne}",
  TITLE = "",
  BOOKTITLE = "Proceedings of the Snowmass 95 Summer Study on Particle and Nuclear Astrophysics and Cosmology",
  EDITOR = "{E.W.Kolb and R.Peccei}",
  PUBLISHER = "{World Scientific, Singapore}",
  YEAR = 1995,
  PAGES = 398,
  NOTE = "gr-qc/9506085"
}

@ARTICLE{Knudsen1995,
  AUTHOR    = "{S.Knudsen, A.B.Tveten, A.Dandridge}",
  TITLE     = "Measurements of fundamental thermal induced phase fluctuations in the fiber of a Sagnac interferometer",
  JOURNAL   = "Photonics Technology Letts, IEEE",
  VOLUME    = "7",
  PAGES     = "90",
  YEAR      = "1995",
}

@BOOK{Haus1995,
  AUTHOR    = "H.A.Haus",
  TITLE     = "Waves and Fields in Optoelectronics",
  PUBLISHER = "Prentice-Hall, New Jersey",
  YEAR      = "1995",
}

@ARTICLE{Leissa1995,
  AUTHOR  = "{A.W.Leissa  and J.So}",
  TITLE   = "",
  JOURNAL = "J. Acoust. Soc. Am.",
  VOLUME  = "98",
  PAGES   = "2122-2135",
  YEAR    = 1995
}

@ARTICLE{Law1995,
  author  = "{C.K.Law}",
  journal = PRA,
  volume  = 51,
  pages   = 2537,
  year    = 1995
}

 @ARTICLE{Gillespie1995,
  author  = "{A.Gillespie and F.Raab}",
  journal = PRD,
  volume  = 52,
  pages   = 577,
  year    = 1995
}

@MISC{Mizuno1995,
  author  = "{J. Mizuno}",
  title   = "Comparison of optical conÔ¨Ågurations for laser-interferometer gravitational-wave detectors",
  NOTE    = "Ph.D. thesis, Max-Planck-Institut fuer Quantenoptik, Garching",
  year    = 1995
}

@ARTICLE{Abramovici1996,
  AUTHOR  = "{A.Abramovici {\it et al}}",
  TITLE   = "???",
  JOURNAL = PLA,
  VOLUME  = 218,
  YEAR    = 1996,
  PAGES   = 157
}

@ARTICLE{Byer1996,
  AUTHOR  = "{K-X.Sun, M.M.Fejer, E.Gustafson, D.Shoemaker, and R.L.Byer}",
  TITLE   = "{Sagnac Interferomer for Gravitational-Wave Detection}",
  JOURNAL = PRL,
  VOLUME  = 76,
  YEAR    = 1996,
  PAGES   = "3053"
}

@ARTICLE{Chu1997,
  AUTHOR  = "{A.K.Chu, H.C.Lin, W.H.Cheng}",
  TITLE   = "",
  JOURNAL = "J. Electro. Mater.",
  VOLUME  = 26,
  YEAR    = 1997,
  PAGES   = "889"
}

@ARTICLE{Caron1997,
  AUTHOR  = "{B. Caron {\it et al.}}",
  TITLE   = "",
  JOURNAL = CQG,
  VOLUME  = 14,
  YEAR    = 1997,
  PAGES   = "1461"
}

@article{Wintle1997,
  author = "{H.J. Wintle}",
  journal =  "J. Appl. Phys.",
  volume = 81,
  pages = 2682,
  year =  1997
}

@article{Shin1997,
  author = "{D.W.Shin,  M. Tomozawa}",
  ournal =  "J. Non-Cryst. Solids",
  volume = 211,
  pages = 237,
  year =  1997
}

@Article{Rowan1997,
  author = "{S.Rowan, S.M.Twyford, R.Hutchins, J.Kovalik, J.E.Logan, A.C.McLaren, N.A.Robertson, J.Hough}",
  journal = "Physics Letters A",
  year = "1997",
  volume = "233",
  number = "4-6",
  pages = "303--308",
  document_type = "Article",
  source = "Scopus"
}

@ARTICLE{Bondu1998,
  AUTHOR  = "{F.Bondu, P.Hello, Jean-Yves Vinet}",
  TITLE   = "",
  JOURNAL = PLA,
  VOLUME  = 246,
  YEAR    = 1998,
  PAGES   = "227"
}

@ARTICLE{Flanagan1998,
  AUTHOR  = "{E.E.Flanagan and S.A.Hughes}",
  TITLE   = "",
  JOURNAL = PRD,
  VOLUME  = 57,
  YEAR    = 1998,
  PAGES   = "4535"
}

@ARTICLE{Jaranowski1998,
  AUTHOR  = "{P.Jaranowski, A.Kr\'olak, and B.F.Schutz}",
  TITLE   = "",
  JOURNAL = PRD,
  VOLUME  = 58,
  YEAR    = 1998,
  PAGES   = "063001"
}

@ARTICLE{Wanser1998,
  AUTHOR    = "K.H.Wanser",
  TITLE     = "Fundamental phase noise limit in optical fibres due to temeperature fluctuations",
  JOURNAL   = "Electron. Letts.",
  VOLUME    = "28",
  PAGES     = "53",
  YEAR      = "1998",
}

@ARTICLE{Cutler1998,
  author  = "{C.Cutler}",
  journal = PRD,
  volume  = 57,
  pages   = 7089,
  year    = 1998,
  ARCHIVE = "arXiv:gr-qc/9703068"
}

@article{Arlt1998,
    author  =   "{J. Arlt, K. Dholakia, L. Allen, and M.J. Padgett}",
    title   =   " ",
    journal =   "Journal of Modern Optics",
    volume  =   45,
    pages   =   1231,
    year    =   1998
}

@article{Clifford1998,
    author  =   "{M. A. Clifford, J. Arlt, J. Courtial, and K. Dholakia}",
    title   =   " ",
    journal =   "Optics Communications",
    volume  =   156,
    pages   =   300,
    year    =   1998
}

@Article{Levin1998,
  title = {Internal thermal noise in the LIGO test masses: A direct approach},
  author = {Yu.Levin},
  journal = PRD,
  volume = {57},
  number = {2},
  pages = {659--663},
  numpages = {4},
  year = {1998},
  month = {Jan},
  doi = {10.1103/PhysRevD.57.659},
  publisher = {American Physical Society}
}

@ARTICLE{Tomozawa1998,
  AUTHOR  = "{M.Tomozawa, D.W.Shin}",
  TITLE   = "",
  JOURNAL = "J. Non-Cryst. Solids",
  VOLUME  = 24,
  YEAR    = 1998,
  PAGES   =  140
}

@ARTICLE{Byer1999,
  AUTHOR  = "{P.Beyersdorf, M.M.Fejer, and R.L.Byer}",
  TITLE   = "",
  JOURNAL = "Optics Letters",
  VOLUME  = 24,
  YEAR    = 1999,
  PAGES   = "1112"
}

@MISC{WhitePaper1999,
  AUTHOR      = "{E.Gustafson, D.Shoemaker, K.A.Strain and R.Weiss}",
  TITLE       = "{LSC White paper on detector research and development}",
  NOTE        = "{LIGO Document T990080-00-D (www.ligo.caltech.edu/docs/T/T990080-00.pdf)}",
  YEAR        = 1999
}

@ARTICLE{Gretarsson1999,
  AUTHOR  = "{A.M.Gretarsson, G.M.Harry}",
  TITLE   = "",
  JOURNAL = "Rev.Sci.Instr.",
  VOLUME  = 70,
  YEAR    = 1999,
  PAGES   = 4081
}

@BOOK{Pluker1999,
  AUTHOR    = "{H.K.Pluker}",
  TITLE     = "Coatings on Glass",
  PUBLISHER = "Elsevier",
  YEAR      = 1999
}

@article{Courtial1999,
    author  =   "{J. Courtial and M.J. Padgett}",
    title   =   " ",
    journal =   "Optics Communications",
    volume  =   159,
    pages   =   13,
    year    =   1999
}

@article{Wintle1999,
  author = "{H.J. Wintle}",
  journal =  "IEEE Trans. Dielectr. Electr. Insul.",
  volume =  6,
  pages = 1,
  year =  1999
}


@ARTICLE{Byer2000,
  AUTHOR  = "{S.Traeger, P.Beyersdorf, L.Goddard, E.Gustafson, M.M.Fejer, and R.L.Byer}",
  TITLE   = "{Polarisation Sagnac interferomer with a reflective grating beam splitter}",
  JOURNAL = "Optics Letters",
  VOLUME  = 25,
  YEAR    = 2000,
  PAGES   = "722-724"
}

@INPROCEEDINGS{Rowan2000,
  AUTHOR  = "{S.Rowan, A.Alexandrovski, G.Cagnoli, M.M.Fejer,
    E.K.Gustafson, J.Hough, S.McIntosh, P.Sneddon, R.Route}",
  TITLE   = "Mechanical loss factors of materials and suspension systems for advanced gravitational wave detectors",
  BOOKTITLE = "Gravitational waves. Third Edoardo Amaldi Conference, Pasadena, California",
  PUBLISHER = "Melville NY:AIP Conf. Proc. 523",
  EDITOR = "S.Meshkov",
  YEAR = 2000,
  PAGES= ""
}

@MISC{Thorne2000,
  AUTHOR = "{K.S.Thorne}",
  TITLE	 = "The scientific case for mature LIGO interferometers",
  NOTE   = "{LIGO document P000024-00-R (www.ligo.caltech.edu/docs/P/P000024-00.pdf)}",
  YEAR = 2000
}

@ARTICLE{Gretarsson2000,
  AUTHOR = "{A.M.Gratersson {\it et al.}}",
  TITLE   = "",
  JOURNAL = PLA,
  VOLUME  = 270,
  YEAR    = 2000,
  PAGES   = 108
}

@ARTICLE{Damour2000,
  AUTHOR = "{T.Damour, B.R.Iyer, and B.S.Sathyaprakash}",
  TITLE   = "",
  JOURNAL = PRD,
  VOLUME  = 62,
  YEAR    = 2000,
  PAGES   = 084036
}

@ARTICLE{Liu2000,
  AUTHOR    = "{Yu.T.Liu, K.S.Thorne}",
  TITLE     = "Thermoelastic noise and homogeneous thermal noise in finite sized gravitational-wave test masses",
  JOURNAL   = PRD,
  VOLUME    = "62",
  PAGES     = "122002",
  YEAR      = "2000",
}


@MISC{Rakhmanov2000,
  author  = "{M. Rakhmanov}",
  title  = {Dynamics of Laser Interferometric Gravitational Wave Detectors},
  NOTE    = "Ph.D. thesis, \url{http://www.ligo.caltech.edu/docs/P/P000002-00.pdf}",
  year    = 2000
}

@article{Ju2000,
  author  =   "{L. Ju, D.G. Blair and C. Zhao}",
  title   =   "Detection of gravitational waves",
  journal =   "Rep. Prog. Phys.",
  volume  =   63,
  pages   =   1317,
  year    =   2000
}

@article{Neil2000,
    author  =   "{A.T. O'Neil and J. Courtial}",
    title   =   " ",
    journal =   "Optics Communications",
    volume  =   181,
    pages   =   35,
    year    =   2000
}

@ARTICLE{Ando2001,
  AUTHOR = "{Ando M. {\it et al.}}",
  TITLE   = "",
  JOURNAL = PRL,
  VOLUME  = 86,
  YEAR    = 2001,
  PAGES   = 3950
}

@ARTICLE{Buonanno2001,
  AUTHOR  = "{A.Buonanno, Y.Chen}",
  TITLE   = "Quantum noise in second generation, signal-recycled laser interferometric gravitational-wave detectors",
  JOURNAL = PRD,
  VOLUME  = "64",
  YEAR    = 2001,
  PAGES   = "042006",
  ABSTRACT = "It has long been thought that the sensitivity of laser interferometric gravitational-wave detectors is limited by the free-mass standard quantum limit, unless radical redesigns of the interferometers or modifications of their input or output optics are introduced. Within a fully quantum-mechanical approach we show that in a second-generation interferometer composed of arm cavities and a signal recycling cavity, e.g., the LIGO-II configuration, (i) quantum shot noise and quantum radiation-pressure-fluctuation noise are dynamically correlated, (ii) the noise curve exhibits two resonant dips, (iii) the standard quantum limit can be beaten by a factor of 2, over a frequency range Delta f/f~1, but at the price of increasing noise at lower frequencies."
}

@ARTICLE{Purdue2001,
  AUTHOR  = "{P.Purdue}",
  TITLE   = "An analisys of a QND speed-meter interferometer",
  JOURNAL = PRD,
  VOLUME  = "66",
  YEAR    = 2002,
  PAGES   = "022001",
  LINK    = "arXiv:gr-qc/0111042"
}

@ARTICLE{Penn2001,
  AUTHOR  = "{S.D.Penn, G.M.Harry, A.M.Gretarsson, S.E.Kittelberger,
  P.R.Saulson, J.J.Schiller, J.R.Smith, S.O.Swords}",
  TITLE   = "",
  JOURNAL = RSI,
  VOLUME  = "72",
  YEAR    = 2001,
  PAGES   = 3670
}

@ARTICLE{Collins2001,
  AUTHOR  = "{H.M.Collins}",
  TITLE   = "",
  JOURNAL = "Social Studies of Science",
  VOLUME  = "31",
  YEAR    = 2001,
  PAGES   = "71-85"
}

@MISC{AdvLIGO2001,
  NOTE = "Advanced LIGO System Design (LIGO-T010075-00-D)",
}

@MISC{AdvLIGO2001-2,
  NOTE = "Advanced LIGO System requirements (LIGO-G010242-00)",
}

@Article{ Pinard2001013808,
  author = " M Pinard and P F Cohadon and T Briant and A Heidmann",
  journal = "Physical Review A - Atomic, Molecular, and Optical Physics",
  year = "2001",
  volume = "63",
  number = "1",
  pages = "013808--013801",
  document_type = "Article",
  source = "Scopus"
}

@ARTICLE{Buonanno2002,
  AUTHOR  = "{A.Buonanno, Y.Chen}",
  TITLE   = "Signal recycled laser-interferometer gravitational-wave detectors
    as optical springs",
  JOURNAL = PRD,
  VOLUME  = "65",
  YEAR    = 2002,
  PAGES   = "042001",
  ABSTRACT = "Using the force-susceptibility formalism of linear quantum measurements, we study the dynamics of signal recycled interferometers, such as LIGO-II. We show that, although the antisymmetric mode of motion of the four arm-cavity mirrors is originally described by a free mass, when the signal-recycling mirror is added to the interferometer, the radiation-pressure force not only disturbs the motion of that``free mass'' randomly due to quantum fluctuations, but also, and more fundamentally, makes it respond to forces as though it were connected to a spring with a specific optical-mechanical rigidity. This oscillatory response gives rise to a much richer dynamics than previously known for SR interferometers, which enhances the possibilities for reshaping the noise curves and, if thermal noise can be pushed low enough, enables the standard quantum limit to be beaten. We also show the possibility of using servo systems to suppress the instability associated with the optical-mechanical interaction without compromising the sensitivity of the interferometer."
}

@ARTICLE{Purdue2002,
  AUTHOR  = "{P.Purdue, Y.Chen}",
  TITLE   = "Practical speed meter design for QND gravitational-wave interferometers",
  JOURNAL = PRD,
  VOLUME  = "66",
  YEAR    = 2002,
  PAGES   = "122004",
  LINK = "arXiv:gr-qc/0208049"
}

@ARTICLE{Chen2002,
  AUTHOR  = "{Y.Chen}",
  TITLE   = "Sagnac Interferometer as a Speed-Meter-Type, Quantum-Nondemolition Gravitational-Wave detector",
  JOURNAL = PRD,
  VOLUME  = "67",
  YEAR    = 2003,
  PAGES   = "122004",
  LINK    = "arXiv:gr-qc/0208051",
}

@ARTICLE{Crooks2002,
  AUTHOR  = "{D.Crooks, P.Sneddon, G.Cagnoli, J.Hough, S.Rowan S, M.M.Fejer, E.Gustafson, R.Route, N.Nakagawa, D.Coyne, G.M.Harry and A.M.Gretarsson}",
  TITLE   = "",
  JOURNAL = CQG,
  VOLUME  = "19",
  YEAR    = 2002,
  PAGES   = "883-896"
}

@ARTICLE{Harry2002,
  Author = {Harry, G. M. and Gretarsson, A. M. and Saulson, P. R. Kittelberger, S. E. and Penn, S. D. and Startin, W. J. and Rowan, S. and Fejer, M. M. and Crooks, D. R. M. and Cagnoli, G. and Hough, J. and Nakagawa, N.},
  TITLE   = "Thermal noise in interferometric gravitational wave detectors due to dielectric optical coatings",
  JOURNAL = CQG,
  VOLUME  = "19",
  YEAR    = 2002,
  PAGES   = "897-918"
}

@ARTICLE{Robertson2002,
  AUTHOR  = "{N.Robertson, et al}",
  TITLE   = "",
  JOURNAL = CQG,
  VOLUME  = "19",
  YEAR    = 2002,
  PAGES   = "4043"
}

@ARTICLE{Nakagava2002,
  AUTHOR  = "{N.Nakagawa, A.M.Gretarsson, E.K.Gustafson and M.M.Fejer}",
  TITLE   = "",
  JOURNAL = PRD,
  VOLUME  = "65",
  YEAR    = 2002,
  PAGES   = "102001"
}

@ARTICLE{Cagnoli2002,
  AUTHOR  = "{G.Cagnoli and P.A.Willems}",
  TITLE   = "",
  JOURNAL = PRD,
  VOLUME  = "65",
  YEAR    = 2002,
  PAGES   = "174111"
}

@ARTICLE{Willke2002,
  AUTHOR  = "{B.Willke \it{et al.}}",
  TITLE   = "",
  JOURNAL = CQG,
  VOLUME  = "19",
  YEAR    = 2002,
  PAGES   = 1377
}

@INPROCEEDINGS{Fritschel2002,
  AUTHOR  = "{P.Fritschel}",
  TITLE   = "{Second generation instruments for the Laser Interferometer Gravitational-wave Observatory (LIGO)}",
  BOOKTITLE = "{Gravitational Wave Detection, Proc.~SPIE}",
  VOLUME  = "{4856}",
  YEAR    = 2003,
  EDITOR  = "{Mike Cruise, Peter Saulson}",
  PUBLISHER = "{SPIE, Bellingham, WA}",
  PAGES   = 282,
  LINK    = "arXiv:gr-qc/030809"
}

@ARTICLE{DAmbrosio2002,
  AUTHOR  = "{D'Ambrosio and W. Kells}",
  TITLE   = "",
  JOURNAL = PLA,
  VOLUME  = "299",
  YEAR    = 2002,
  PAGES   = "326"
}

@ARTICLE{Weinstein2002,
  author  = "{A. Weinstein}",
  journal = CQG,
  volume  = 19,
  pages   = 1575,
  year    = 2002
}

@article{Kennedy2002,
    author  =   "{S.A. Kennedy, M. J. Szabo, H. Teslow, J.Z. Porterfield, and E.R. Abraham}",
    title   =   " ",
    journal =   PRA,
    volume  =   66,
    pages   =   043801,
    year    =   2002
}

@Article{Willems2002,
  author = " P Willems and V Sannibale and J Weel and V Mitrofanov",
  journal = "Physics Letters A",
  year = "2002",
  volume = "297",
  number = "1-2",
  pages = "37--48",
  document_type = "Article",
  source = "Scopus"
}

@ARTICLE{Tomaru2002,
  author = {T. Tomaru and T. Suzuki and S. Miyoki and T. Uchiyama and C. T. Taylor
  and A. Yamamoto and T. Shintomi and M. Ohashi and K. Kuroda},
  title = {Thermal lensing in cryogenic sapphire substrates},
  journal = CQG,
  year = {2002},
  volume = {19},
  pages = {2045},
  number = {7},
  owner = {heinert},
  timestamp = {2011.02.11}
}

@ARTICLE{Buonanno2003,
  AUTHOR  = "{A.Buonanno, Y.Chen}",
  TITLE   = "Scaling law in signal recycled laser interferometer gravitational-wave detectors",
  JOURNAL = PRD,
  VOLUME  = "67",
  YEAR    = 2003,
  PAGES   = "062002",
  LINK    = "arXiv:gr-qc/0208048",
  ABSTRACT = "By mapping the signal-recycling (SR) optical configuration to a three-mirror cavity, and then to a single detuned cavity, we express the SR optomechanical dynamics, input?output relation, and noise spectral density in terms of only three characteristic parameters: the (free) optical resonant frequency and decay time of the entire interferometer, and the laser power circulating in the arm cavities. These parameters, and therefore the properties of the interferometer, are invariant under an appropriate scaling of SR-mirror reflectivity, SR detuning, arm-cavity storage time, and input power at the beam splitter. Moreover, so far the quantum-mechanical description of laser-interferometer gravitational-wave detectors, including radiation-pressure effects, has been obtained only at linear order in the transmissivity of arm-cavity internal mirrors. We relax this assumption and discuss how the noise spectral densities change."
}

@Article{Buonanno2003-2,
  title = {Quantum noise in laser-interferometer gravitational-wave detectors with a heterodyne readout scheme},
  author = {Buonanno, Alessandra  and Chen, Yanbei  and Mavalvala, Nergis },
  journal = PRD,
  volume = {67},
  number = {12},
  pages = {122005},
  numpages = {14},
  year = {2003},
  month = {Jun},
  doi = {10.1103/PhysRevD.67.122005},
  publisher = {American Physical Society}
}

@MISC{Cagnoli2003,
  AUTHOR  = "{G.Cagnoli, {\it et al}}",
  TITLE   = "",
  NOTE    = "{LIGO Document G0301195-00}",
  YEAR    = 2003,
}

@ARTICLE{Penn2003,
  AUTHOR  = "{S.D.Penn {\it et al}}",
  JOURNAL = CQG,
  TITLE = "Mechanical loss in tantala/silica dielectric mirror coatings",
  VOLUME  = "20",
  YEAR    = 2003,
  PAGES   = "2917-2928",
  ABSTRACT = "Current interferometric gravitationalwave detectors use testmasses with mirror coatings formed from multiple layers of dielectric materials, most commonly alternating layers of SiO2 (silica) and Ta2O5 (tantala). However, mechanical loss in the Ta2O5/SiO2 coatings may limit the design sensitivity for advanced detectors. We have investigated sources of mechanical loss in the Ta2O5/SiO2 coatings, including loss associated with the coating substrate interface, with the coating layer interfaces and with the coatingmaterials. Our results indicate that the loss is associated with the coating materials and that the loss of Ta2O5 is substantially larger than that of SiO2."
}

@ARTICLE{Harms2003,
  AUTHOR = "{Jan Harms, Yanbei Chen, Simon Chelkowski, Alexander Franzen, Hennig Vahlbruch, Karsten Danzmann, and Roman Schnabel}",
  TITLE   = "",
  JOURNAL = PRD,
  VOLUME  = "68",
  YEAR    = 2003,
  PAGES   = 042001
}

@ARTICLE{Courty2003,
  AUTHOR = "{J.-M. Courty, A.Heidmann, and M.Pinard}",
  TITLE   = "Quantum Locking of Mirrors in Interferometers",
  JOURNAL = PRL,
  VOLUME  = "90",
  YEAR    = "2003",
  PAGES   = 083601
}

@ARTICLE{Courty2003-2,
  AUTHOR = "{J.-M. Courty {\it et al}}",
  TITLE   = "",
  JOURNAL = "Europhysics Letters",
  VOLUME  = "63",
  YEAR    = 2003,
  PAGES   = 226
}

@ARTICLE{Rao2003,
  AUTHOR    = "S.Rao",
  TITLE     = "PhD Thesis",
  JOURNAL   = "Caltech",
  PAGES     = "etd-05092003-153759",
  YEAR      = "2003",
}

@ARTICLE{Cerdonio2003,
  AUTHOR    = "{M.Cerdonio, L.Conti, et al.}",
  TITLE     = "Thermoelastic effects at low temperatures and quantum limits in displacement measurement",
  JOURNAL   = PRD,
  VOLUME    = "63",
  PAGES     = "082003",
  YEAR      = "2003",
}

@MISC{Blandford2003-23,
  author  = "{R.Blandford and K.S. Thorne}",
  title   = "Ph 136: Applications of Classical Physics",
  publisher = "California Institute of Technology, Pasadena",
  year    = 2003,
  chapter = 23,
  note    = "\url{http://www.pma.caltech.edu/Courses/ph136/yr2002/chap26/0223.1.pdf}"
}

@MISC{Blandford2003-26,
  author  = "{R.Blandford and K.S. Thorne}",
  title   = "Ph 136: Applications of Classical Physics",
  publisher = "California Institute of Technology, Pasadena",
  year    = 2003,
  chapter = 26,
  note    = "\url{http://www.pma.caltech.edu/Courses/ph136/yr2002/chap26/0226.1.pdf}"
}

@ARTICLE{Mortonson2003,
  AUTHOR    = "{M.J.Mortonson, C.C.Vassiliou, D.J.Ottaway, D.H.Shoemaker, G.M.Harry}",
  TITLE     = "",
  JOURNAL   = "Rev. Sci. Instr.",
  VOLUME    = "74",
  PAGES     = "4840",
  YEAR      = "2003",
}

@ARTICLE{Fejer2004,
  AUTHOR  = {M. M. Fejer and S. Rowan and G. Cagnoli and D. R. M. Crooks and A. Gretarsson and G. M. Harry and J. Hough and S. D. Penn and P. H. Sneddon and S. P. Vyatchanin},
  TITLE   = {Thermoelastic dissipation in inhomogeneous media: loss measurements and displacement noise in coated test masses for interferometric gravitational wave detectors},
  JOURNAL   = {PRD},
  VOLUME    = "70",
  PAGES     = "82003",
  YEAR      = "2004",
  ARCHIVE   = "arXiv:gr-qc/0402034",
}

@MISC{Sanders2004,
  AUTHOR  = "{G.Sanders}",
  TITLE   = "",
  NOTE    = "{LIGO Document G040130-00 (www.ligo.caltech.edu/docs/G/G040130-00)}",
  YEAR    = 2004,
}

@MISC{Corbitt2004,
  AUTHOR  = "{Thomas Corbitt, Keisuke Goda, Nergis Mavalvala, Eugeniy Mikhalov, David Ottaway, Stan Whitcomb, Yanbei Chen}",
  TITLE   = "Ponderomotive Squeezing",
  NOTE    = "{LIGO Document G040147-00 (www.ligo.caltech.edu/docs/G/G040147-00)}",
  YEAR    = 2004,
}

@MISC{GEO600,
  NOTE    = "http://www.geo600.uni-hannover.de/geo600/technical/index.html"
}

@MISC{Corbitt2004-2,
  AUTHOR  = "{Thomas Corbitt, Keisuke Goda, Nergis Mavalvala, Eugeniy Mikhalov, David Ottaway, Stan Whitcomb, Yanbei Chen}",
  TITLE   = "A pondermotive squeezing experiment",
  NOTE    = "{LIGO Document G040195-00-0 (www.ligo.caltech.edu/docs/G/G040195-00-0)}",
  YEAR    = 2004,
}

@ARTICLE{Corbitt2004-3,
  AUTHOR = "{Thomas Corbitt, Nergis Mavalvala, and Stan Whitcomb}",
  TITLE   = "",
  JOURNAL = PRD,
  VOLUME  = "70",
  YEAR    = "2004",
  PAGES   = "022002"
}

@ARTICLE{McKenzie2004,
  AUTHOR  = "{K.McKenzie, N.Grosse, W.P.Bowen, S.E.Whitcomb, M.B.Gray, D.E.McClelland, P.K.Lam}",
  TITLE   = "Squeezing in the audio gravitational wave detection band",
  JOURNAL = PRL,
  VOLUME  = 93,
  YEAR    = 2004,
  PAGES   = 161105,
  ABSTRACT = "We demonstrate the generation of broad-band continuous-wave optical squeezing down to 200Hz using a below threshold optical parametric oscillator (OPO).  The squeezed state phase was controlled using a noise locking technique. We show that low frequency noise sources, such as seed noise, pump noise and detuning fluctuations, present in optical parametric amplifiers have negligible effect on squeezing produced by a below threshold OPO. This low frequency squeezing is ideal for improving the sensitivity of audio frequency measuring devices such as gravitational wave detectors.",
  ARXIVE = "arXiv:gr-qc/0405137",
}

@ARTICLE{Schnabel2004,
  AUTHOR = "{R.Schnabel, J.Harms, K.A.Strain, K.Danzmann}",
  TITLE   = "Squeezed Light for the Interferometric Detection of High Frequency  Gravitational Waves",
  JOURNAL = CQG,
  VOLUME  = "21",
  YEAR    = "2004",
  PAGES   = "1045-1052"
}

@ARTICLE{Gossler2004,
  AUTHOR = "{S.Go\ss{}ler {\it et al}}",
  TITLE   = "",
  JOURNAL = CQG,
  VOLUME  = "21",
  YEAR    = "2004",
  PAGES   = 923
}

@ARTICLE{Buonanno2004,
  AUTHOR  = "{A.Buonanno, Y.Chen}",
  TITLE   = "Improving the sensitivity to gravitational-wave sources by modifying  the input-output optics of advanced interferometers",
  JOURNAL = PRD,
  VOLUME  = "69",
  YEAR    = 2004,
  PAGES   = "102004"
}

@ARTICLE{Numata2004,
  AUTHOR    = "{K.Numata, A.Kemery, J.Camp}",
  TITLE     = "Thermal-noise limit in the frequency stabilization of lasers with rigid cavities",
  JOURNAL   = PRL,
  VOLUME    = "93",
  PAGES     = "250602",
  YEAR      = "2004",
}

@ARTICLE{Vitali2004,
  AUTHOR = "{D.Vitali, M.Punturo, S.Mancini, P.Amico, and P.Tombesi}",
  TITLE   = "Noise reduction in gravitational wave interferometers using feedback",
  JOURNAL = "J. Opt. B: Quantum Semiclass. Opt",
  VOLUME  = "8",
  YEAR    = 2004,
  PAGES   = "S691"
}

@ARTICLE{Kawamura2004,
  author  = "{S.Kawamura and Y.Chen}",
  title   =   "Displacement-Noise-Free Gravitational-Wave Detection",
  journal = PRL,
  volume  = 93,
  pages   = 211103,
  year    = 2004,
  eprint  =   "arXiv:gr-qc/0405093v2"
}

@MISC{WeissT960137,
  AUTHOR      = "{R.Weiss}",
  TITLE	 = "",
  NOTE   = "{LIGO document T960137-00E. Available in http://admdbsrv.ligo.caltech.edu/dcc/ and http://ilog.ligo-la.caltech.edu/ilog/pub/cgi/}",
}

@MISC{Whitcomb2005,
  AUTHOR      = "{Stan Whitcomb}",
  TITLE       = "{State of the LIGO Lab}",
  NOTE        = "{LIGO Document G050124-00-M (www.ligo.caltech.edu/docs/G/G050124-00.pdf)}",
  YEAR        = 2005
}

@ARTICLE{Ando2005,
  AUTHOR = "{M.Ando and the TAMA Collaboration}",
  JOURNAL = CQG,
  VOLUME = 22,
  PAGES = "S881",
  YEAR = 2005
}

@MISC{Kells2005,
  AUTHOR = "{W.P.Kells}",
  TITLE = "",
  NOTE  = "{LIGO Document G050578-00-I}",
  YEAR  = 2006
}

@ARTICLE{Zhao2005,
  AUTHOR = "{C.Zhao, L.Ju, J.Degallaix, S.Gras, and D.G.Blair}",
  JOURNAL = PRL,
  VOLUME = 94,
  PAGES = "121102",
  YEAR = 2005
}

@MISC{Cantley2005,
  AUTHOR = "{C. A. Cantley et al.}",
  NOTE = "LIGO document T050215-00-K",
  YEAR = "2005"
}

@ARTICLE{Flanagan2005,
  author  = "{E.E.Flanagan and S.A.Hughes}",
  journal = "New J. Phys.",
  volume  = 7,
  pages   = 204,
  year    = 2005,
  ARCHIVE = "{arXiv:gr-qc/0501041v3}"
}

@ARTICLE{Rakhmanov2005,
  author  = "{M.Rakhmanov}",
  journal = PRD,
  volume  = 71,
  pages   = 084003,
  year    = 2005,
  ARCHIVE = "{arXiv:gr-qc/0406009v1}"
}

@MISC{MSSDC2005,
  AUTHOR = "{H.Mueller-Ebhardt, K.Somiya, R.Schnabel, K.Danzmann and Y.Chen}",
  TITLE  = "{Signal-recycled Sagnac interferometer}",
  NOTE   = "{unpublished manuscript}",
  YEAR   = 2005
}

@article{Strain2005,
  author = "{K.A.Strain}",
  journal = "{LIGO Document T050108-00-K}",
  year = 2005
}

@Article{Hanson2005,
  author = "R J Hanson and H K Macomber and A C Morrison and M A Boucher",
  journal = "Journal of the Acoustical Society of America",
  year = "2005",
  volume = "117",
  number = "1",
  pages = "400--412",
  document_type = "Conference Paper",
  source = "Scopus"
}

@article{Kippenberg2005,
    author  =   "{T. J. Kippenberg, H. Rokhsari, T. Carmon, A. Scherer, and K. J. Vahala}",
    title   =   " ",
    journal =   PRL,
    volume  =   95,
    pages   =   033901,
    year    =   2005
}

@article{Rokhsari2005,
    author  =   "{H. Rokhsari, T. J. Kippenberg, T. Carmon, K. J. Vahala}",
    title   =   " ",
    journal =   "Optics express",
    volume  =   13,
    pages   =   5293,
    year    =   2005
}

@ARTICLE{Vahlbruch2006,
  AUTHOR = "{H.Vahlbruch, S.Chelkowski, B.Hage, A.Franzen, K.Danzmann, and R.Schnabel}",
  TITLE   = "Coherent control of vacuum squeezing in the Gravitational-Wave Detection Band",
  JOURNAL = PRL,
  VOLUME  = "97",
  YEAR    = "2006",
  PAGES   = 011101
}

@MISC{Marx2006,
  AUTHOR = "{Jay Marx}",
  TITLE  = "{Status of Some Aspects of LIGO}",
  NOTE   = "{LIGO Document G060101-00-M (www.ligo.caltech.edu/docs/G/G060101-00.pdf)}",
  YEAR   = 2006
}

@ARTICLE{Arcizet2006,
  AUTHOR = "{O. Arcizet, T. Briant, A. Heidmann and M. Pinard}",
  TITLE   = "",
  JOURNAL = PRA,
  VOLUME  = "73",
  YEAR    = "2006",
  PAGES   = 033819
}

@ARTICLE{McClelland2006,
  author  = "{D.E. McClelland \textit{et al.}}",
  journal = CQG,
  volume  = 23,
  pages   = "S41",
  year    = 2006
}.

@ARTICLE{Sigg2006,
  author  = "{D. Sigg \textit{et al.}}",
  journal = CQG,
  volume  = 23,
  pages   = "S51",
  year    = 2006
}

@ARTICLE{Luck2006,
  author  = "{H. Luck \textit{et al.}}",
  journal = CQG,
  volume  = 23,
  pages   = "S71",
  year    = 2006
}

@ARTICLE{Kuroda2006,
  author  = "{K.Kuroda}",
  journal = CQG,
  volume  = 23,
  pages   = "S215",
  year    = 2006
}

@ARTICLE{Willke2006,
  AUTHOR = "{B.Willke et al}",
  JOURNAL = CQG,
  VOLUME = 23,
  PAGES = "S207",
  YEAR = 2006
}

@ARTICLE{Waldman2006,
  AUTHOR = "{S.J.Waldman (for the LIGO Science Collaboration)}",
  JOURNAL = CQG,
  VOLUME = 23,
  PAGES = "S653",
  YEAR = 2006
}

@ARTICLE{Acernese2006,
  AUTHOR = "{F.Acernese {\it et al}}",
  JOURNAL = CQG,
  VOLUME = 23,
  PAGES = "S635",
  YEAR = 2006
}

@ARTICLE{Hild2006,
  AUTHOR = "{S.Hild (for the LIGO Scientific Collaboration)}",
  JOURNAL = CQG,
  VOLUME = 23,
  PAGES = "S643",
  YEAR = 2006
}

@ARTICLE{Mours2006,
  author = {Beno√Æt Mours and Edwige Tournefier and Jean-Yves Vinet},
  title = {Thermal noise reduction in interferometric gravitational wave antennas:
	using high order TEM modes},
  journal = {Classical and Quantum Gravity},
  year = {2006},
  volume = {23},
  pages = {S777},
  number = {20},
  url = {http://stacks.iop.org/0264-9381/23/i=20/a=001},
  abstract = {We compute the low-frequency tail of the power spectral density of
	thermal noise in the case of an optical Fabry‚ÄìPerot resonant cavity
	operating with Laguerre‚ÄìGauss modes of orders higher than (0, 0).
	We show a significant reduction of the thermal noise as the order
	of the mode increases. We discuss the diffraction losses.},
  owner = {stefan},
  timestamp = {2011.12.08}
}

@ARTICLE{Postnov2006,
  title    = "The Evolution of Compact Binary Star Systems",
  author   = "{K. A. Postnov, L. R. Yungelson}",
  journal  = "Living Reviews in Relativity",
  year     = "2006",
  number   = "6",
  volume   = "9",
  keywords = "astrophysics, binary systems, gravitational wave sources, supernov
ae, neutron stars, black holes, white dwarfs, AM CVn stars",
  url      = {http://www.livingreviews.org/lrr-2006-6},
}

@ARTICLE{Chen2006,
  AUTHOR = "{Y. Chen, A. Pai, K. Somiya, S. Kawamura, Sh. Sato, K. Kokeyama, R. L. Ward, K. Goda, E. E. Mikhailov}",
  TITLE = "{Interferometers for Displacement-Noise-Free Gravitational-Wave Detection}",
  JOURNAL = PRL,
  VOLUME  = "97",
  YEAR    = "2006",
  PAGES   = 151103
}

@ARTICLE{Chen2006-2,
  author  = "{Y.Chen and S.Kawamura}",
  title   =   "Displacement- and Timing-Noise Free Gravitational-Wave Detection",
  journal = PRL,
  volume  = 96,
  pages   = 231102,
  year    = 2006,
  eprint  =   "arXiv:gr-qc/0504108v3"
}

@ARTICLE{Baker2006,
  AUTHOR = "{J.G.Baker, J.Centrella, D.-I.Choi, M.Koppitz, and J.van Meter,}",
  TITLE = "",
  JOURNAL = PRD,
  VOLUME  = "73",
  YEAR    = "2006",
  PAGES   = 104002
}

@ARTICLE{Harry2006,
  author = {Gregory M. Harry and Helena Armandula and Eric Black and D. R. M. Crooks and Gianpietro Cagnoli and Jim Hough and Peter Murray and Stuart Reid and Sheila Rowan and Peter Sneddon and Martin M. Fejer and Roger Route and Steven D. Penn},
  title = {Thermal noise from optical coatings in gravitational wave detectors},
  journal = {Appl. Opt.},
  year = {2006},
  volume = {45},
  pages = {1569--1574},
  keywords = {Interference coatings ; Thin films, other properties; Astronomy and
	astrophysics},
  number = {7},
  month = {Mar},
  url = {http://ao.osa.org/abstract.cfm?URI=ao-45-7-1569},
  doi = {10.1364/AO.45.001569},
  abstract = {Gravitational waves are a prediction of Einstein's general theory
	of relativity.These waves are created by massive objects, like neutron
	stars or black holes, oscillating at speeds appreciable to the speed
	of light. The detectable effect on the Earth of these waves is extremely
	small, however, creating strains of the order of10{\textminus}21.
	There are a number of basic physics experiments around the world
	designed to detect these waves by using interferometers with very
	long arms, up to4 km in length. The next-generation interferometers
	are currently being designed, and the thermal noise in the mirrors
	will set the sensitivity over much of the usable bandwidth. Thermal
	noise arising from mechanical loss in the optical coatings put on
	the mirrors will be a significant source of noise. Achieving higher
	sensitivity through lower mechanical loss coatings, while preserving
	the crucial optical and thermal properties, is an area of active
	research right now.},
  owner = {stefan},
  publisher = {OSA},
  timestamp = {2011.12.08}
}

@ARTICLE{Wu2006,
  AUTHOR    = "{S.C.Wu, Z.Z.Wan, et al.}",
  TITLE     = "Photothermal shot noise in end mirrors of LIGO due to Correlation of power fluctuations",
  JOURNAL   = "Chin.Phys.Lett.",
  VOLUME    = "23",
  PAGES     = "3173",
  YEAR      = "2006",
}

@conference{Agresti2006,
  author = {Agresti, J. and Castaldi, G. and DeSalvo, R. and Galdi, V. and Pierro, V. and Pinto, I. M.},
  Title = "Optimized multilayer dielectric mirror coatings for gravitational wave inferometers",
  booktitle = "Advances in Thin-Film Coatings for Optical Applications III",
  editor = "M.J.Ellison",
  Series = {{Proc. SPIE}},
  volume = 6286,
  note = "SPIE, Bellingham, WA, USA",
  Pages = 28608,
  year = 2006
}

@ARTICLE{Agresti2006-2,
  AUTHOR    = "{J.Agresti, G.Castaldi, R.DeSalvo, V.Galdi, V.Pierro, I.M.Pinto,}",
  TITLE     = "Optimized multilayer dielectric mirror coatings for gravitational wave interferometers",
  JOURNAL   = "Proc. SPIE",
  VOLUME    = "6286",
  PAGES     = "628608",
  YEAR      = "2006",
}

@MISC{LIGOsens,
  NOTE = "LIGO technical document G060052-00-E; current sensitivity curves are available in {\sf http://www.ligo.caltech.edu/$\sim$lazz/distribution/LSC\_Data/}."
}

@MISC{Bantilan2006,
  AUTHOR = "{H.S.Bantilan, W.P.Kells}",
  TITLE = "",
  NOTE  = "{LIGO Document T-060159}",
  YEAR  = 2006
}

@MISC{Kells2006,
  AUTHOR = "{W.P.Kells}",
  TITLE = "",
  NOTE  = "{LIGO Document T-060207}",
  YEAR  = 2006
}

@MISC{Kells2006-2,
  AUTHOR = "{W.P.Kells}",
  TITLE = "",
  NOTE  = "{LIGO Document T060159-00-D}",
  YEAR  = 2006
}

@ARTICLE{Ju2006,
  AUTHOR    = "{L.Ju, S.Gras, C.Zhao, J.Degallaix and D.G.Blair}",
  TITLE     = "",
  JOURNAL   = "PLA",
  VOLUME    = "354",
  PAGES     = "360",
  YEAR      = "2006",
}

@ARTICLE{Ju2006-2,
  AUTHOR    = "{L.Ju, C.Zhao, S.Gras, J.Degallaix, D.G.Blair, J.Munch and D.H.Reitze}",
  TITLE     = "",
  JOURNAL   = "PLA",
  VOLUME    = "355",
  PAGES     = "419",
  YEAR      = "2006",
}
S
@ARTICLE{Acernese2006-2,
  author  = "{F.Acernese et al}",
  journal = "J. Phys.: Conf. Ser.",
  volume  = 32,
  pages   = "s223-229",
  year    = 2006
}

@Article{Penn2006,
	author = {S.D. Penn and A. Ageev and D. Busby and G.M. Harry and A.M. Gretarsson and K. Numata and P. Willems},
    title = {Frequency and surface dependence of the mechanical loss in fused silica},
    journal = {Phys. Lett. A},
    volume = 352,
    year = 2006,
    pages = {3 - 6}
}

@Article{Cagnoli2006,
  author = "{Cagnoli G et al.}",
  journal = "Journal of Physics: Conference Series",
  year = "2006",
  volume = "32",
  number = "1",
  pages = "386--392",
  document_type = "Conference Paper",
  source = "Scopus"
}

@article{Corbitt2006,
    author  =   "{T. Corbitt, D. Ottaway, E. Innerhofer, J. Pelc, and N. Mavalvala}",
    title   =   " ",
    journal =   "Phys. Rev. A",
    volume  =   74,
    pages   =   021802,
    year    =   2006
}

@article{Bondaresku2006,
    author  =   "{M. Bondarescu and K.S. Thorne}",
    title   =   " ",
    journal =   PRD,
    volume  =   74,
    pages   =   082003,
    year    =   2006
}

@article{Zhao2006,
  author="{C.Zhao {\it et al}}",
  title="Gingin High Optical Power Test Facility",
  journal={Journal of Physics: Conference Series},
  volume={32},
  pages={368-373},
  url={http://stacks.iop.org/1742-6596/32/368},
  year={2006},
  abstract={The Australian Consortium for Gravitational Wave Astronomy (ACIGA) in collaboration with LIGO is developing a high optical power research facility at the AIGO site, Gingin, Western Australia. Research at the facility will provide solutions to the problems that advanced gravitational wave detectors will encounter with extremely high optical power. The problems include thermal lensing and parametric instabilities. This article will present the status of the facility and the plan for the future experiments.}
}

@article{Strain2006,
  author = "{K.A.Strain}",
  journal = "{LIGO Document T060015-00-K}",
  year = 2006
}

@Article{Miyakawa_PRD_74_022001_2006,
  title = {Measurement of optical response of a detuned resonant sideband extraction gravitational wave detector},
  author = "{O.Miyakawa {\it et al}}",
  journal = PRD,
  volume = {74},
  number = {2},
  pages = {022001},
  year = {2006}
}

@MISC{Frey2006,
  author = {B. J. Frey and D. B. Leviton and T. J. Madison},
  note = {arxiv.org, physics/0606168v1},
  owner = {heinert},
  timestamp = {2011.04.11}
}

@MISC{Lazzarini2007,
  AUTHOR      = "{Albert Lazzarini}",
  TITLE       = "{Update from LIGO laboratory}",
  NOTE        = "{LIGO Document G070649-00-M}",
  YEAR        = 2007
}

@MISC{Gonzalez2007,
  AUTHOR = "{Gabriela Gonzalez}",
  TITLE = "{Searches for gravitational waves from astrophysical sources}",
  NOTE 	= "{LIGO Document G070232-00-Z}",
  YEAR 	= 2007
}

@MISC{S5results,
  NOTE="\url{http://www.ligo.caltech.edu/~ll_news/s5_news/s5article.htm}"
}

@MISC{LIGOCooling2007,
  AUTHOR = "{The LIGO Scientific Collaboration}",
  TITLE = "{Microkelvin cooling of a kilogram-scale oscillator}",
  NOTE 	= "{LIGO Document P070135-00-Z}",
  YEAR 	= 2007
}

@ARTICLE{Matsko2007,
  AUTHOR    = "{A.B.Matsko, A.A.Savchenkov, et al.}",
  TITLE     = "Whispering-gallery-mode resonators as frequency references. I. Fundamental limitations",
  JOURNAL   = "JOSA B",
  VOLUME    = "24",
  PAGES     = "1324",
  YEAR      = "2007",
}

@ARTICLE{Savchenkov2007,
  AUTHOR    = "{A.A.Savchenkov, A.B.Matsko, et al.}",
  TITLE     = "Whispering-gallery-mode resonators as frequency references. II. Stabilization",
  JOURNAL   = "JOSA B",
  VOLUME    = "24",
  PAGES     = "2988",
  YEAR      = "2007",
}

@ARTICLE{Barriga2007,
  AUTHOR  = "{P. Barriga, B. Bhawal, L. Ju and D.G. Blair}",
  TITLE   = "",
  JOURNAL = "J. Opt. Soc. Am. A",
  VOLUME  = "24",
  PAGES   = "1731-1741",
  YEAR    = 2007
}

@ARTICLE{Harry2007,
  author = {Harry, G. M. and Abernathy, M. R. and Becerra-Toledo, A. E. and Armandula, H. and Black, E. and Dooley, K. and Eichenfield, M. and Nwabugwu, C. and Villar, A. and Crooks, D. R. M. and Cagnoli, G. and Hough, J. and How, C. R. and MacLaren, I. and Murray, P. and Reid, S. and Rowan, S. and Sneddon, P. H. and Fejer, M. M. and Route, R. and Penn, S. D. and Ganau, P. and Mackowski, J.-M. and Michel, C. and Pinard, L. and Remillieux, A.},
  title = {Titania-doped tantala/silica coatings for gravitational-wave detection},
  journal = {Classical and Quantum Gravity},
  year = {2007},
  volume = {24},
  pages = {405},
  keywords = {Coating thermal noise},
  format = {print},
  number = {2},
  url = {http://stacks.iop.org/0264-9381/24/i=2/a=008},
  doi = {10.1088/0264-9381/24/2/008},
  cited = {4 July, 2011},
  timestamp = {2011.12.08}
}

@MISC{Mueller2007,
  NOTE = "LIGO document LIGO-G070691-00-D",
  YEAR = "2007"
}

@ARTICLE{Somiya2007,
  author  = "{K. Somiya \textit{et al.}}",
  journal = PRD,
  volume  = 76,
  pages   = 022002,
  year    = 2007
}

@ARTICLE{Sato2007,
  author  = "{S. Sato \textit{et al.}}",
  journal = PRL,
  volume  = 98,
  pages   = 141101,
  year    = 2007,
  ARCHIVE = "{arXiv:gr-qc/0608095v2}"
}

@MISC{Sato2007-2,
  author  = "{S. Sato \textit{et al.}}",
  NOTE    = "{LIGO document P070138-00-Z}",
  year    = 2007
}

@ARTICLE{Rehbein2007,
  author = "{H.Rehbein, H.M\"uller-Ebhardt, K.Somiya, C.Li, R.Schnabel, K.Danzmann, and Y.Chen}",
  title = "{Local readout enhancement for detuned signal-recycling interferometers}",
  journal = PRD,
  volume  = 76,
  pages   = 062002,
  year    = 2007
}

@article{Hewitson2007,
  author = "{M,Hewitson, H.Luck, H.Grote, S.Hild, S.Rowan, J.R.Smith, K.A.Strain, D.Willke}",
  title = "",
  journal = CQG,
  volume  = 24,
  pages   = 6379,
  year    = 2007
}

@article{Huttner2007,
  author={S H Huttner and B W Barr and M V Plissi and J R Taylor and B Sorazu and K A Strain},
  title={Novel sensing and control schemes for a three-mirror coupled cavity},
  journal=CQG,
  volume={24},
  number={15},
  pages={3825},
  url={http://stacks.iop.org/0264-9381/24/i=15/a=004},
  year={2007},
  abstract={We present two options for length sensing and control of a three-mirror coupled cavity. The control of the first cavity uses amplitude or single sideband modulation and phase modulation in combination with a beat-frequency demodulation scheme, whereas the control scheme for the second cavity incorporates phase modulation and single demodulation. The theoretical and experimental performance is discussed as well as the relevance to a research programme to develop interferometric techniques for application in future interferometric gravitational wave detectors.}
}

@article{Vahlbruch_PRL_100_033602_2008,
  volume = {100},
  journal = {Phys. Rev. Lett.},
  numpages = {4},
  month = {Jan},
  title = {Observation of Squeezed Light with 10-dB Quantum-Noise Reduction},
  author = {Vahlbruch, Henning and Mehmet, Moritz and Chelkowski, Simon and Hage, Boris and Franzen, Alexander and Lastzka, Nico and Go\ss{}ler, Stefan and Danzmann, Karsten and Schnabel, Roman},
  year = {2008},
  url = {http://link.aps.org/doi/10.1103/PhysRevLett.100.033602},
  doi = {10.1103/PhysRevLett.100.033602},
  issue = {3},
  publisher = {American Physical Society},
  pages = {033602}
}

@MISC{LIGO_cooling_paper},
  NOTE = "{LIGO document P070135-00-Z}",
  year = 2008
}

@MISC{Harry2008,
  AUTHOR = "{G.M. Harry}",
  TITLE = "{Estimate of Noise from Charging in Initial, Enhanced, and Advanced LIGO}",
  NOTE  = "{LIGO Document T080019-01-R}",
  YEAR  = 2008
}

@ARTICLE{Webster2008,
  AUTHOR    = "{S.A.Webster, M.Oxborrow, et al.}",
  TITLE     = "Thermal-noise-limited optical cavity",
  JOURNAL   = PRA,
  VOLUME    = "77",
  PAGES     = "033847",
  YEAR      = "2008",
}

@ARTICLE{Kimble2008,
  AUTHOR    = "H.J.Kimble",
  TITLE     = "Optical Interferometers with Insensitivity to Thermal Noise",
  YEAR = 2008,
  note = "Workshop on Optical Coatings in Precision Measurements, California Institute of Technology, Pasadena CA, March 20-21, arXiv:0806.3750v1 [quant-ph]",
}

@ARTICLE{Evans2008,
  author ={Evans, M. and Ballmer, S. and Fejer, M. and Fritschel, P. and Harry, G. and Ogin, G.},
  TITLE     = "Thermo-optic noise in coated mirrors for high-precision optical measurements",
  JOURNAL   = PRD,
  volume = 78,
  pages = 102003,
  YEAR = "2008",
}

@MISC{Pinto2008,
  AUTHOR    = "I.~M.~Pinto",
  TITLE     = "A general formula for the thermorefractive noise coefficient of stacked-doublet mirror coating",
  NOTE   =    "LIGO document T070159-00-Z",
  YEAR      = "2008",
}

@ARTICLE{Schediwy2008,
  AUTHOR    = "{S.W.Schediwy, C.Zhao, L.Ju, D.G.Blair, P.Willems}",
  TITLE     = "",
  JOURNAL   = "Submittted to Phys.Rev.Letters",
  VOLUME    = "",
  PAGES     = "",
  YEAR      = "2008",
}

@MISC{Hild2008,
  author  = "{S. Hild, A. Freise and S. Chelkowski}",
  NOTE    = "LIGO document G080388-00-Z",
  year    = 2008
}

@article{Zhao2008,
    author  =   "{C. Zhao et al}",
    title   =   " ",
    journal =   PRA,
    volume  =   78,
    pages   =   023807,
    year    =   2008
}

@article{Bondaresku2008,
  author = {Bondarescu, Mihai and Kogan, Oleg and Chen, Yanbei},
  title = {Optimal light beams and mirror shapes for future LIGO interferometers},
  journal = {Phys. Rev. D},
  year = {2008},
  volume = {78},
  pages = {082002},
  month = {Oct},
  url = {http://link.aps.org/doi/10.1103/PhysRevD.78.082002},
  doi = {10.1103/PhysRevD.78.082002},
  issue = {8},
  numpages = {9},
  owner = {stefan},
  publisher = {American Physical Society},
  timestamp = {2011.12.08}
}

@article{Mours2008,
    author  =   "{B. Mours, E. Tournefier, and J.-Y. Vinet}",
    title   =   " ",
    journal =   "Classical and Quantum Gravity",
    volume  =   23,
    pages   =   5777,
    year    =   2006
}

@article{Chu2008,
    author  =   "{S.-C. Chu and K. Otsuka}",
    title   =   " ",
    journal =   "Optics Communications",
    volume  =   281,
    pages   =   1647,
    year    =   2008
}

@article{Rehbein2008,
    author = "{H.Rehbein, H.Mueller-Ebhardt, K.Somiya, S.L.Danilishin, R.Schnabel, K.Danzmann, Y.Chen}",
    title  = "Double optical spring enhancement for gravitational wave detectors",
    journal = PRD,
    volume  = 78,
    pages   = 062003,
    year    = 2008
}

@Article{Kimble_PRL_101_260602_2008,
  title = {Optical Interferometers with Reduced Sensitivity to Thermal Noise},
  author = "{H.J.Kimble, and B.L.Lev, and J.Ye}",
  journal = {Phys. Rev. Lett.},
  volume = {101},
  number = {26},
  pages = {260602},
  numpages = {4},
  year = {2008},
  month = {Dec},
  doi = {10.1103/PhysRevLett.101.260602},
  publisher = {American Physical Society}
}

@article{Somiya2008,
  title = {Reduction and possible elimination of coating thermal noise using a rigidly controlled cavity with a QND technique},
  author = "{K.Somiya}",
  journal = "arXiv:0811.1780",
  volume  = "",
  year    = 2008,
  pages   = ""
}

@ARTICLE{Levin2008,
  author = {Y. Levin},
  title = {Fluctuation-dissipation theorem for thermo-refractive noise},
  journal = {Phys. Lett. A},
  year = {2008},
  volume = {372},
  pages = {1941--1944},
  owner = {heinert},
  timestamp = {2010.11.16}
}

@ARTICLE{Sigg2008,
  author = {D. Sigg},
  title = {Status of the LIGO detectors},
  journal = {Class. Quantum Grav.},
  year = {2008},
  volume = {25},
  pages = {114041},
  number = {11},
  owner = {heinert},
  timestamp = {2011.03.30}
}

@ARTICLE{Harms2008,
  author = {Harms, Jan and Mahrdt, Christoph and Otto, Markus and Priess, Malte},
  title = {Subtraction-noise projection in gravitational-wave detector networks},
  journal = PRD,
  year = {2008},
  volume = {77},
  pages = {123010},
  format = {print},
  number = {{12}},
  month = {JUN},
  doi = {10.1103/PhysRevD.77.123010},
  abstract = {{In this paper, we present a successful implementation of a subtraction-noise	projection method into a simple, simulated data analysis pipeline of a gravitational-wave search. We investigate the problem to reveal a weak stochastic background signal which is covered by a strong foreground of compact-binary coalescences. The foreground, which is estimated by matched filters, has to be subtracted from the data. Even an optimal analysis of foreground signals will leave subtraction noise due to estimation errors of template parameters which may corrupt the measurement of the background signal. The subtraction noise can be removed by a noise projection. We apply our analysis pipeline to the proposed future-generation space-borne Big Bang Observer mission which seeks for a stochastic background of primordial gravitational waves in the frequency range similar to 0.1 Hz-1 Hz covered by a foreground of black-hole and neutron-star binaries. Our analysis is based on a simulation code which provides a dynamical model of a time-delay interferometer network. It generates the data as time series and incorporates the analysis pipeline together with the noise projection. Our results confirm previous ad hoc predictions which say that the Big Bang Observer will be sensitive to backgrounds with fractional energy densities below Omega=10(-16).}}, article-number = {{123010}},
  issn = {{1550-7998}},
  owner = {stefan},
  timestamp = {2011.12.08},
  unique-id = {{ISI:000257290600017}}
}


@ARTICLE{Smith2009,
  AUTHOR  = "{J.R.Smith for the LIGO Scientific Collaboration}",
  TITLE   = "{The Path to the Enhanced and Advanced LIGO Gravitational-Wave Detectors}",
  JOURNAL = CQG,
  VOLUME  = 26,
  YEAR    = 2009,
  PAGES   = 114013,
  ARXIVE = "arXiv:0902.0381",
}

@ARTICLE{Kimble2009,
  AUTHOR  = "{H.J.Kimble, B.L.Lev, and Jun Ye}",
  TITLE   = "{Optical Interferometers with Reduced Sensitivity to Thermal Noise}",
  JOURNAL = PRL,
  VOLUME  = "101",
  YEAR    = 2009,
  PAGES   = "260602"
}

@ARTICLE{MuellerEbhardt2009,
  AUTHOR  = "{Helge Mueller-Ebhardt, Henning Rehbein, Chao Li, Yasushi Mino, Kentaro Somiya, Roman Schnabel, Karsten Danzmann, and Yanbei Chen}",
  TITLE   = "{Quantum state preparation and macroscopic entanglement in gravitational-wave detectors}",
  JOURNAL = "arXiv:0903.0079",
  VOLUME  = "",
  YEAR    = 2009,
  PAGES   = "",
}

@ARTICLE{Mavalvala2009,
  author  = "{N.Mavalvala}",
  title   = "{Progress toward squeeze injection in Enhanced LIGO}",
  journal = "LIGO document LIGO-G0900849-00",
  year    = 2009
}

@ARTICLE{Vahlbruch2009,
  author  = "{H.Vahlbruch {\it et al}}",
  title   = "{Status of the GEO600-Squeezer}",
  journal = "LIGO document LIGO-G0900793-v1",
  year    = 2009
}

@ARTICLE{Chelkowsky2009,
  AUTHOR  = "{S.Chelkowski, S.Hild, A.Freise}",
  TITLE   = "{}",
  JOURNAL = "arXiv:0901.4931v1",
  VOLUME  = "",
  YEAR    = 2009,
  PAGES   = "",
}

@article{Lockerbie2009,
  author = "{N.A.Lockerbie, K.V.Tokmakov}",
  journal = "{LIGO Document G0900588-v1}",
  year = 2009
}

@article{Gras2009,
  author  =   "{S.Gras, D.G.Blair, and C.Zhao}",
  title   =   "Suppression of parametric instabilities in future gravitational wave detectors using damping rings",
  journal =   CQG,
  volume  =   26,
  pages   =   135012,
  year    =   2009
}

@article{Evans2009,
  author  =   "{M.Evans, L.Barsotti, and P.Fritschel}",
  title   =   " ",
  journal =   PLA,
  volume  = "",
  pages = "in press",
  year = 2009
}

@misc{Gras2009-2,
  author  = "{S.Gras, C.Zhao,  D.G.Blair, and L.Ju}",
  title   = "",
  journal = CQG,
  volume  = "",
  pages = "in press",
  year = 2009
}

@article{Freise2009,
  author  = "{A.Freise {\it et al}}",
  title   = "",
  journal = CQG,
  volume  = 26,
  pages = "085012",
  year = 2009
}

@article{Somiya2009,
  author  = "{K.Somiya, K.Yamamoto}",
  title   = "",
  journal = PRD,
  volume  = 79,
  pages = 102004,
  year = 2009
}

@article{Edgar2009,
  author = {M. P. Edgar and B. W. Barr and J. Nelson and M. V. Plissi and K. A. Strain and O. Burmeister and M. Britzger and K. Danzmann and R. Schnabel and T. Clausnitzer and F. Br\"{u}ckner and E.-B. Kley and A. T\"{u}nnermann},
  journal = {Opt. Lett.},
  number = {20},
  pages = {3184--3186},
  publisher = {OSA},
  title = {Experimental demonstration of a suspended diffractively coupled optical cavity},
  volume = {34},
  month = {Oct},
  year = {2009},
  url = {http://ol.osa.org/abstract.cfm?URI=ol-34-20-3184},
  doi = {10.1364/OL.34.003184},
  abstract = {All-reflective optical systems are under consideration for future gravitational wave detector topologies. One approach in proposed designs is to use diffraction gratings as input couplers for Fabry-Perot cavities. We present an experimental demonstration of a fully suspended diffractively coupled cavity and investigate the use of conventional Pound-Drever-Hall length sensing and control techniques to maintain the required operating condition.},
}

@article{Somiya2009-2,
  journal = PRL,
  numpages = {4},
  month = {Jun},
  doi = {10.1103/PhysRevLett.102.230801},
  issue = {23},
  author = {Somiya, Kentaro},
  title = {Reduction and Possible Elimination of Coating Thermal Noise Using a Rigidly Controlled Cavity with a Quantum-Nondemolition Technique},
  year = {2009},
  url = {http://link.aps.org/doi/10.1103/PhysRevLett.102.230801},
  publisher = {American Physical Society},
  pages = {230801},
  volume = {102}
}

@article{Somiya2009b,
  AUTHOR  = {K.Somiya},
  journal = "LIGO document T0900209",
  year = 2009
}

@article{Somiya2009c,
  AUTHOR  = {K.Somiya},
  journal = "LIGO document T090033",
  year = 2009
}

@ARTICLE{Levin2009,
  AUTHOR  = {B. Benthem and Yu. Levin},
  TITLE   = {Thermorefractive and thermochemical noise in the beamsplitter of the GEO600 gravitational-wave interferometer},
  JOURNAL = {Physics Review D},
  VOLUME  = {80},
  YEAR    = {2009},
  PAGES   = {062004}
}

@ARTICLE{Arai2009,
  author = {K. Arai and others},
  title = {Status of Japanese graviational wave detectors},
  journal = {Class. Quantum Grav.},
  year = {2009},
  volume = {26},
  pages = {204020},
  owner = {heinert},
  timestamp = {2011.03.30}
}

@article{Harry2010,
  author  = "{G.M.Harry (for the LIGO Scientic Collaboration)}",
  title   = "Advanced LIGO: the next generation of gravitational wave detectors",
  journal = CQG,
  volume  = 27,
  pages = "084006",
  year = 2010
}

@article{Gossler_CQG_2010,
  author  = {S. Gossler and {\it et al}},
  title   = "The AEI 10 m prototype interferometer",
  journal = CQG,
  year    = 2010,
  volume  = "27",
  pages   = "084023"
}

@article{Miyoki_JP_2010_203_012075,
  author = "{Shinji Miyoki and CLIO and LCGT Collaborators}",
  title = "{Underground Cryogenic Laser Interferometer CLIO}",
  journal = "Journal of Physics: Conference Series",
  volume = 203,
  pages = 012075,
  year = 2010
}

@article{Villar2010,
  author = {Villar, A. E. and Black, E. D. and DeSalvo, R. and Libbrecht, K. G. and Michel, C. and Morgado, N. and Pinard, L. and Pinto, I. M. and Pierro, V. and Galdi, V. and Principe, M. and Taurasi, I.},
  title = "Measurement of Thermal Noise in Multilayer Coatings with Optimized Layer Thickness",
  Journal = PRD,
  Year = 2010,
  Volume = 81,
  Pages = 122001,
  arxiv = "{arXiv:1004.1223}"
}

@conference{Villar2010-2,
  Author = "{A.V.Villar, et al.}",
  Title = {Loss angles from the direct measurement of Brownian noise in coatings},
  booktitle = {LSC-Virgo meeting in Krakow},
  Number = {G1000937},
  Year = 2010,
  Month = "Sep."
}

@article{Miller2010,
  AUTHOR  = "{J.Miller}",
  journal = "LIGO document P1000032",
  year = 2010
}

@article{Somiya2010,
  AUTHOR  = "{K.Somiya}",
  journal = "LIGO document P1000094",
  year = 2010
}

@article{Vahlbruch_CQG_27_084027_2010,
  author = "{H.Vahlbruch, A.Khalaidovski, N.Lastzka, C.Graef, K.Danzmann, R.Schnabel}",
  title = "The GEO600 squeezed light source",
  journal = CQG,
  year = 2010,
  volume = 27,
  pages = 084027
}

@article{Hild2010,
  author = {S. Hild and S. Chelkowski and A. Freise and J. Franc and N. Morgado and R. Flaminio and R. DeSalvo},
  journal = CQG,
  title = {},
  year  = 2010,
  volume = 27,
  pages = 015003
}

@article{Punturo2010,
  author = {M. Punturo and {\it et al}},
  journal = {CQG},
  title = {},
  year  = 2010,
  volume = 27,
  pages = 084007
}

@MISC{Hild2010b,
  author = {S. Hild},
  year = {2010},
  note = {\textrm{ET note ET-0136A-10}, available at www.et-gw.eu},
  owner = {heinert},
  timestamp = {2011.04.11}
}

@MISC{Franc2010,
  author = {J. Franc and J. Degallaix and R. Flaminio},
  year = {2010},
  note = {\textrm{ET note ET-0095C-10}, available at www.et-gw.eu},
  owner = {heinert},
  timestamp = {2011.04.11}
}

@misc{T1000298,
  author = "{R.Abbot {\it et al}}",
  title = "Advanced LIGO Length Sensing and Control Final Design",
  year = {2010},
  note = {LIGO document T1000298-T}
}

@article{Mehmet2011,
  author = "{M.Mehmet {\it et al}}",
  journal = "{arXiv:1110.3737}",
  title = "Squeezed light at 1550 nm with a quantum noise reduction of 12.3 dB",
  year  = 2011
}

@ARTICLE{Nawrodt2011,
  author = {R. Nawrodt and S. Rowan and J. Hough and M. Punturo and F. Ricci
  and J. Y. Vinet},
  title = {Challenges in thermal noise for 3rd generation of gravitational wave
  detectors},
  journal = {Gen. Relativ. Gravit.},
  year = {2011},
  volume = {43},
  pages = {593-622},
  number = {2},
  owner = {heinert},
  timestamp = {2011.03.30}
}

@ARTICLE{Hild2011,
  author = {S. Hild and others},
  title = {Sensitivity studies for third-generation gravitational wave observatories},
  journal = {Class. Quantum Grav.},
  year = {2011},
  volume = {28},
  pages = {094013},
  owner = {heinert},
  timestamp = {2011.04.20}
}

@ARTICLE{Hong2011,
  author = {Hong, T. and Miller, J. and Yamamoto, H. and Chen, Y. and Adhikari,
	R.},
  title = {Effects of mirror aberrations on Laguerre-Gaussian beams in interferometric
	gravitational-wave detectors},
  journal = PRD,
  year = {2011},
  volume = {84},
  number = {10},
  pages = 102001,
  month = {NOV 2},
  doi = {10.1103/PhysRevD.84.102001},
  abstract = {A fundamental limit to the sensitivity of optical interferometers
	is imposed by Brownian thermal fluctuations of the mirrors' surfaces.
	This thermal noise can be reduced by using larger beams which ``average
	out{''} the random fluctuations of the surfaces. It has been proposed
	previously that wider, higher-order Laguerre-Gaussian modes can be
	used to exploit this effect. In this paper, we show that susceptibility
	to spatial imperfections of the mirrors' surfaces limits the effectiveness
	of this approach in interferometers used for gravitational-wave detection.
	Possible methods of reducing this susceptibility are also discussed.},
  address = {ONE PHYSICS ELLIPSE, COLLEGE PK, MD 20740-3844 USA},
  affiliation = {Hong, T (Reprint Author), CALTECH, Pasadena, CA 91125 USA. Hong, T;
	Yamamoto, H; Chen, Y; Adhikari, R, CALTECH, Pasadena, CA 91125 USA.
	Miller, J, Australian Natl Univ, Canberra, ACT 0200, Australia.},
  article-number = {102001},
  language = {English},
  publisher = {AMER PHYSICAL SOC},
  type = {Article}
}

@BOOK{HarryBook2012,
  title = {Optical Coatings for Precision Measurement},
  publisher = {Cambridge University Press},
  year = {in press},
  editor = {Harry, G.M. and Bodiya, T. and Desalvo, R.},
  format = {print},
  keywords = {Coating thermal noise},
  owner = {stefan},
  timestamp = {2011.12.08}
}

