@STRING{DAN = "Доклады Академии наук"}
@STRING{DANe = "Sov. Phys.Dokl."}
@STRING{JOSAB = "Journal of the Optical Society of  America B"}
@STRING{IANP = "Известия Академии наук, сер. физическая"}
@STRING{KvEl = "Квантовая электроника"}
@STRING{OC = "Optics Communications"}
@STRING{OL = "Optics Letter"}
@STRING{PLA = "Physics Letters A"}
@STRING{PRA = "Physical Review A"}
@STRING{PRD = "Physical Review D"}
@STRING{PRL = "Phys.Rev.Lett."}
@STRING{PTE = "Приборы и техника эксперимента"}
@STRING{PZhETF = "Письма в журнал экспериментальной и теоретической физики"}
@STRING{PZhTF = "Письма в журнал технической физики"}
@STRING{RE = "Радиотехника и электроника"}
@STRING{SPIE = "Proceedings of SPIE"}
@STRING{UFN = "Успехи физических наук"}
@STRING{VMU = "Вестник Московского университета, серия 3: физика и астрономия"}
@STRING{VMUe = "Moscow Univ. Phys. Bull."}
@STRING{ZhETF = "Журнал экспериментальной и теоретической физики"}
@STRING{ZhTF = "Журнал технической физики"}

@ARTICLE{Lamb1917,
  AUTHOR = "{H.Lamb}",
  JOURNAL = "Proc. Roy. Soc. Lond. A",
  VOLUME  = "93",
  PAGES   = "114-121",
  YEAR    = "1917"
}

@ARTICLE{Kazimir,
  AUTHOR  = "{H.B.G.Casimir}",
  TITLE   = "",
  JOURNAL = "Proc. K. Ned. Akad. Wet.",
  VOLUME  = 51,
  YEAR    = 1948,
  PAGES   = "793"
}

@Article{Callen1951,
  author = "H B Callen and T A Welton",
  journal = "Physical Review",
  year = "1951",
  volume = "83",
  number = "1",
  pages = "34--40",
  document_type = "Article",
  source = "Scopus"
}

@Article{Milatz1953195,
  author = "J M W Milatz and J J {Van Zolingen} and B B {Van Iperen}",
  journal = "Physica",
  year = "1953",
  volume = "19",
  number = "1-12",
  pages = "195--202",
  document_type = "Article",
  source = "Scopus"
}


@ARTICLE{Kazimir_exp,
  AUTHOR  = "{M.Y.Sparnnay}",
  TITLE   = "",
  JOURNAL = "Physica",
  VOLUME  = 24,
  YEAR    = 1958,
  PAGES   = "751"
}

@BOOK{Neumann,
  AUTHOR = "{И.фон Нейман}",
  TITLE  = "Математические основы квантовой механики",
  PAGES  = "367",
  PUBLISHER = "Москва, <<Наука>>",
  YEAR   = 1964
}

@ARTICLE{Turneaure,
  AUTHOR  = "{I.P.Turneaure, Nguen Tuong Viet}",
  TITLE   = "",
  JOURNAL = "Applied Physics Letters",
  VOLUME  = 16,
  YEAR    = 1970,
  PAGES   = 33
}

@ARTICLE{Kazimir_UFN75,
  AUTHOR  = "{Ю.С.Бараш, В.Л.Гинзбург}",
  TITLE   = "Электромагнитные флуктуации в веществе и молекулярные
    (Ван-дер-Ваальсовы) силы между телами",
  JOURNAL = UFN,
  VOLUME  = 116,
  YEAR    = 1975,
  PAGES   = "5-41"
}

@ARTICLE{Kazimir_UFN88,
  AUTHOR  = "{В.М.Мостепаненко, Н.Н.Трунов}",
  TITLE   = "Эффект Казимира и его приложения",
  JOURNAL = UFN,
  VOLUME  =156,
  YEAR    = 1988,
  PAGES   = "385-426"
}

@ARTICLE{CallenWelton,
  AUTHOR  = "{H.B.Callen, T.A.Welton}",
  TITLE   = "",
  JOURNAL = "Physical Review",
  VOLUME  = 83,
  YEAR    = 1951,
  PAGES   = "34"
}

@book{68Korn_book,
    author  =   "{G.A. Korn and T.M. Korn}",
    title   =   "Mathematical Handbook",
    publisher   =   "Mc-Graw-Hill Book Company",
    year    =   1968
}

@BOOK{LL-III,
  AUTHOR  = "{Л.Д.Ландау, Е.М.Лифшиц}",
  TITLE   = "Квантовая механика. Нерелятивистская теория",
  PAGES   = "1-750",
  PUBLISHER = "Москва, <<Наука>>",
  YEAR    = 1974
}

@BOOK{LL-IX,
  AUTHOR  = "{Е.М.Лифшиц, Л.П.Питаевский}",
  TITLE   = "Статистическая физика, часть 2",
  PAGES   = "1-448",
  PUBLISHER = "Москва, <<Наука>>",
  YEAR    = 1978
}


@ARTICLE{UFN87Tatarsky,
  AUTHOR  = "{В.И.Татарский}",
  TITLE   = "Пример описания диссипативных процессов на основе обратимых
    динамических уравнений и некоторые замечения относительно
    флуктуационно-диссипационной теоремы",
  JOURNAL = UFN,
  VOLUME  = 151,
  YEAR    = 1987,
  PAGES   = "273-307"
}

@ARTICLE{UFN87Klimontovich,
  AUTHOR  = "{Ю.Л.Климонтович}",
  TITLE   = "Флуктуационно-диссипационные соотношения. Роль конечности времени
    корреляции. Квантовое обобщение формулы Найквиста",
  JOURNAL = UFN,
  VOLUME  = 151,
  YEAR    = 1987,
  PAGES   = "309-332"
}

@ARTICLE{UFN87Ginzburg,
  AUTHOR  = "{В.Л.Гинзбург, Л.П.Питаевский}",
  TITLE   = "О квантовой формуле Найквиста и области рименимости формулы
    Каллена-Вельтона",
  JOURNAL = UFN,
  VOLUME  = 151,
  YEAR    = 1987,
  PAGES   = "333-339"
}

@ARTICLE{BartonI,
  AUTHOR  = "{G.Barton}",
  TITLE   = "On the fluctuations of the Casimir force",
  JOURNAL = "J. Phys. A: Math. Gen.",
  VOLUME  = 24,
  YEAR    = 1991,
  PAGES   = "991-1005"
}

@ARTICLE{BartonII,
  AUTHOR  = "{G.Barton}",
  TITLE   = "On the fluctuations of the Casimir force: II. Stress-correlation
    function",
  JOURNAL = "J. Phys. A: Math. Gen.",
  VOLUME  = 24,
  YEAR    = 1991,
  PAGES   = "5533-5551"
}

@book{Tikhonravov,
  Author = {Furman, Sh. A. and Tikhonravov, A. V. },
  Title = {Basics of Optics of Multilayer Systems},
  Publisher = {Atlantica S\'eguier Fronti\`eres},
  Year = 1992,
}

@book{Haus,
  Author = {Haus, H. A.},
  Title = {Waves and Fields in Optoelectronics},
  Publisher = {Prentice Hall},
  Year = 1993,
}

@BOOK{KlimontovichIII,
  AUTHOR  = "{Ю.Л.Климонтович}",
  TITLE   = "Флуктуационно-диссипационные соотношения. Роль конечности времени
    корреляции. Квантовое обобщение формулы Найквиста",
  VOLUME  = "III",
  YEAR    = 2001,
  PAGES   = "1-508",
  PUBLISHER = "Москва, <<Янус>>"
}

@ARTICLE{Klimontovich2000,
  AUTHOR  = "{Yu.L.Klimontovich}",
  TITLE   = "On the applicability of Nyquist and Callen-Welton quantum formulae",
  JOURNAL = "Physics of Vibrations",
  VOLUME  = 6,
  YEAR    = 2000,
  PAGES   = "260-277"
}


@BOOK{Solimeno1986,
  AUTHOR = "{S.Solimeno, B.Crosignani and P.Diporto}",
  TITLE  = "Guiding, Diffraction and Confinement of Optical Radiation",
  PAGES  = "",
  PUBLISHER = "Academic Press",
  YEAR = 1986
}

@book{LL5e,
  author = "{L.D.Landau and E.M.Lifshitz}",
  title = "Statistical Physics",
  pages = "",
  publisher = "Pergamon, Oxford",
  year = 1986
}

@book{LL7e,
  author = "{L.D.Landau and E.M.Lifshitz}",
  title = "Theory of Elasticity",
  pages = "",
  publisher = "Pergamon, Oxford",
  year = 1986
}

@BOOK{Perina,
  AUTHOR = "{Я.Перина}",
  TITLE  = "Квантовая статистика линейных и нелинейных оптических явлений",
  PAGES  = "???",
  PUBLISHER = "Москва, <<Мир>>",
  YEAR   = 1987
}

@ARTICLE{Elitzur1993,
  AUTHOR  = "{A.Elitzur and L.Vaidman}",
  TITLE   = "",
  JOURNAL = "Found. Phys.",
  VOLUME  = 23,
  YEAR    = 1993,
  PAGES   = "987"
}

@ARTICLE{Kwiat1995,
  AUTHOR  = "{P.G.Kwiat, H.Weifurter, T.Herzog, A.Zeilinger and M.A.Kasevich}",
  TITLE   = "",
  JOURNAL = PRL,
  VOLUME  = 74,
  YEAR    = 1995,
  PAGES   = "4763"
}

@ARTICLE{Voorth1996,
  AUTHOR  = "{E.H.du Marchie van Voorthuysen}",
  TITLE   = "",
  JOURNAL = "Am.J.Phys",
  VOLUME  = 64,
  YEAR    = 1996,
  PAGES   = "1504"
}

@ARTICLE{Hafner1997,
  AUTHOR  = "{M.Hafner and J.Summhammer}",
  TITLE   = "",
  JOURNAL = PLA,
  VOLUME  = 235,
  YEAR    = 1997,
  PAGES   = "563"
}

@ARTICLE{Kwiat1998,
  AUTHOR  = "{A.G.White, J.R.Mitchell, O.Nairz, and P.G.Kwiat}",
  TITLE   = "``Interaction-free'' imaging",
  JOURNAL = "PRA",
  VOLUME  = "58",
  YEAR    = "1998",
  PAGES   = "605-613"
}

@ARTICLE{Kwiat1999,
  AUTHOR  = "{P.G.Kwiat, A.G.White, J.R. Mitchell, O.Nairz, G.Weihz, H.Weifurter, and A.Zeilinger}",
  TITLE   = "High-efficiency quantum interrogation measurements via the quantum Zeno effect",
  JOURNAL = "PRL",
  VOLUME  = "83",
  YEAR    = "1999",
  PAGES   = "4725-4728"
}

@ARTICLE{Englert1991,
  AUTHOR  = "{M.O.Scully,B.-G.Englert,and H.Walther}",
  TITLE   = "",
  JOURNAL = "Nature",
  VOLUME  = 351,
  YEAR    = 1991,
  PAGES   = 111
}

@book{Tikhonravov1992,
  Author = "{Sh.A.Furman, A.V.Tikhonravov}",
  Title = "Basics of Optics of Multilayer Systems",
  Publisher = {Atlantica S\'eguier Fronti\`eres},
  Year = 1992
}

@book{Haus1993,
  Author = "{H.A.Haus}",
  Title = "Waves and Fields in Optoelectronics",
  Publisher = {Prentice Hall},
  Year = 1993
}

@ARTICLE{Englert2000,
  AUTHOR  = "{M.O.Scully,B.-G.Englert,and H.Walther}",
  TITLE   = "",
  JOURNAL = "Journal of Modern Optics",
  VOLUME  = 47,
  YEAR    = 2000,
  PAGES   = "2213-2220"
}

@ARTICLE{Sanchez1998,
  AUTHOR  = "{A.Luis and L.L.Sanchez-Soto}",
  TITLE   = "",
  JOURNAL = PRL,
  VOLUME  = 81,
  YEAR    = 1998,
  PAGES   = 4031
}

@ARTICLE{Kimble1999,
  AUTHOR  = "{J. Ye, D.E. Vernoy, H.J. Kimble}",
  TITLE   = "",
  JOURNAL = "arXive:quant-ph/9908007",
  VOLUME  = "",
  YEAR    = 1999,
  PAGES   = ""
}

@BOOK{Mensky1993,
  AUTHOR = "{M.B.Mensky}",
  TITLE  = "Continuous Quantum Measurements and Path Integrals",
  PAGES  = "",
  PUBLISHER = "IOP Publishing Ltd",
  YEAR   = 1993
}

@BOOK{Mensky2000r,
  AUTHOR = "{М.Б.Менский}",
  TITLE  = "Квантовые измерения и декогеренция",
  PAGES  = "",
  PUBLISHER = "Москва, <<Физматлит>>",
  YEAR   = 2001
}

@BOOK{BEZ,
  AUTHOR = "{Д.Боумейстер, А.Экерт, А.Цайлингер}",
  TITLE  = "Физика квантовой информации",
  PAGES  = "375",
  PUBLISHER = "Москва, <<Постмаркет>>",
  YEAR   = 2002
}

@book{Acoustoopt,
Author = {Yariv, A. and Yeh, P.},
Title = {Optical Waves in Crystals: Propagation and Control of Laser Radiation },
Publisher = {Wiley-Interscience},
Year = 2003,
}

@MISC{CUDAsite,
  NOTE="\url{http://www.nvidia.com/object/cuda_home.html}"
}

@MISC{GSLsite,
  title = "GNU Scientific Library",
  NOTE="\url{http://www.gnu.org/s/gsl}"
}


