@STRING{DANe = "Sov. Phys.Dokl."}
@STRING{ZhETFe = "ZhETF"}
@STRING{JETP = "Sov.\,Phys.\,JETP"}
@STRING{VMUe = "Moscow Univ. Phys. Bull."}
@STRING{PRL = "Physical Review Letters"}
@STRING{PR = "Physical Review"}
@STRING{PRC = "Physical Review C"}
@STRING{PRA = "Physical Review A"}
@STRING{PRB = "Physical Review B"}
@STRING{PRC = "Physical Review C"}
@STRING{PRD = "Physical Review D"}
@STRING{PLA = "Physics Letters A"}
@STRING{RMP = "Reviews of Modern Physics"}
@STRING{OC = "Optics Communications"}
@STRING{OL = "Optics Letter"}
@STRING{CQG = "Classical and Quantum Gravity"}
@STRING{SPIE = "Proceedings of SPIE"}
@STRING{IEEE = "Proceedings of the IEEE"}
@STRING{PhJR = "Philips J. Res."}
@STRING{JOSAB = "Journal of the Optical Society of America B"}
@STRING{NJP = "New Journal of Physics"}

@ARTICLE{Everett1957,
  AUTHOR    = "H.Everett",
  TITLE     = "Realtive State Formulation of Quantum Mechanics",
  JOURNAL   = RMP,
  VOLUME    = 29,
  PAGES     = "454-462",
  YEAR      = 1957
}

@article{Guzman1976,
  title = {},
  author = "{I.Y.Guzman, A.F.Demidenko, V.I.Koshchenko, M.S.Fraifel'd, Y.V.Egner}",
  journal = "Inorg. Mater",
  volume = 12,
  pages = 1546,
  year = 1976
}


@ARTICLE{Simon1999,
  title = {},
  author = "{R.Simon}",
  journal = "arXiv:quant-ph/9909044",
  volume = "",
  pages = "",
  year = 1999
}

@article{Devoret_Nature_406_1039_2000,
  title = {Amplifying quantum signals with the single-electron transistor},
  author = "{M.H.Devoret and R.J.Schoelkopf}",
  journal = Nature,
  volume = 406,
  pages = 1039,
  year = 2000
}

@ARTICLE{Zurek2003,
  title = {Decoherence, einselection, and the quantum origins of the classical},
  author = "{W.H.Zurek}",
  journal = RMP,
  volume = 75,
  pages = 715,
  arxiv = quant-ph/0105127,
  year = 2003
}

@ARTICLE{Braunstein2005,
  title = {Quantum information with continuous variables},
  author = "{S.L.Braunstein, P.van Loock}",
  journal = RMP,
  volume = 77,
  pages = 513,
  year = 2005
}

@article{Arndt1999,
  title = {Wave-particle duality of $C_{60}$},
  author = "{M.Arndt, O.Nairz, J.Voss-Andreae, C.Keller, G.van der Zouw, and A.Zeilinger}",
  journal = "Nature",
  volume = 401,
  pages = "680-682",
  year = 1999
}

@article{Brezger2002,
  title = {Matter-Wave Interferometer for Large Molecules},
  author = "{B.Brezger, L.Hackerm\"uller, S.Uttenthaler, J.Petschinka, M.Arndt, and A.Zeilinger}",
  journal = PRL,
  volume = {88},
  number = {10},
  pages = {100404},
  numpages = {4},
  year = {2002},
  month = {Feb},
  doi = {10.1103/PhysRevLett.88.100404},
  publisher = {American Physical Society}
}


@article{1355-5111-8-1-019,
  author={G.J.Milburn},
  title={Classical and quantum conditional statistical dynamics},
  journal={Quantum and Semiclassical Optics: Journal of the European Optical Society Part B},
  volume={8},
  number={1},
  pages={269-276},
  url={http://stacks.iop.org/1355-5111/8/269},
  year={1996},
  abstract={Quantum and classical stochastic evolution equations are derived for the statistical state of a system subject to continuous observation of a position variable. In the classical case this results in a stochastic Fokker - Planck equation for the conditional state of the system conditioned on observation records. In the quantum case a stochastic master equation results, or a stochastic Schr\"{o}dinger equation if the system starts in a pure state. In both cases the resulting equations are nonlinear. A simple modification of the model results in a linear stochastic Schr\"{o}dinger equation which can also be interpreted as a conditional evolution equation for observations which give no information about the measured system but indicate the size of the random perturbations induced by the environment coupling.}
}

@Article{PhysRevLett.80.688,
  title = {Optomechanical Cooling of a Macroscopic Oscillator by Homodyne Feedback},
  author = "{S.Mancini, D.Vitali, and D.Tombesi}",
  journal = PRL,
  volume = {80},
  number = {4},
  pages = {688--691},
  numpages = {3},
  year = {1998},
  month = {Jan},
  doi = {10.1103/PhysRevLett.80.688},
  publisher = {American Physical Society}
}

@Article{PhysRevA.60.2380,
  title = {State determination in continuous measurement},
  author = "{A.C.Doherty, S.M.Tan, A.S.Parkins, and D.F. Walls}",
  journal = PRA,
  volume = {60},
  number = {3},
  pages = {2380--2392},
  numpages = {12},
  year = {1999},
  month = {Sep},
  doi = {10.1103/PhysRevA.60.2380},
  publisher = {American Physical Society}
}

@Article{PhysRevB.68.235328,
  title = {Feedback cooling of a nanomechanical resonator},
  author = "{A.Hopkins, K.Jacobs, S.Habib, and K.Schwab}",
  journal = PRB,
  volume = {68},
  number = {23},
  pages = {235328},
  numpages = {10},
  year = {2003},
  month = {Dec},
  doi = {10.1103/PhysRevB.68.235328},
  publisher = {American Physical Society}
}

@article{Vitali_PRA_65_063803_2002,
  volume = {65},
  journal = {Phys. Rev. A},
  month = {May},
  numpages = {19},
  author = {Vitali, David and Mancini, Stefano and Ribichini, Luciano and Tombesi, Paolo},
  title = {Mirror quiescence and high-sensitivity position measurements with feedback},
  year = {2002},
  url = {http://link.aps.org/doi/10.1103/PhysRevA.65.063803},
  doi = {10.1103/PhysRevA.65.063803},
  issue = {6},
  publisher = {American Physical Society},
  pages = {063803}
}

@Book{2004BookGaZo,
author = "{C.W.Gardiner and P.Zoller}",
title = {Quantum noise},
publisher = {Springer-Verlag, Berlin},
year = {2004},
series = {Springer Series in Synergetics  },
edition = {3-rd edition},
isbn = {978-3-540-22301-6},
}


@article{Naik2006,
author = "{A.Naik, O.Buu, M.D.LaHaye, A.D.Armour, A.A.Clerk, M.P.Blencowe, and K.C.Schwab}",
collaboration = {},
title = {Cooling a nanomechanical resonator with quantum back-action},
publisher = {Nature},
year = {2006},
journal = {Nature},
volume = {443},
issue = {7108},
pages = {193-196},
url = {http://www.nature.com/nature/journal/v443/n7108/abs/nature05027.html},
doi = {10.1038/nature05027}
}

@article{Vivante2008,
author = "{A.Vinante, M.Bignotto, M.Bonaldi, M.Cerdonio, L.Conti, P.Falferi, N.Liguori, S.Longo, R.Mezzena, A.Ortolan, G.A.Prodi, F.Salemi, L.Taffarello, G.Vedovato, S.Vitale, J.-P.Zendri}",
collaboration = {},
title = {Feedback Cooling of the Normal Modes of a Massive Electromechanical System to Submillikelvin Temperature},
publisher = {APS},
year = {2008},
journal = PRL,
volume = {101},
number = {3},
eid = {033601},
numpages = {4},
pages = {033601},
url = {http://link.aps.org/abstract/PRL/v101/e033601},
doi = {10.1103/PhysRevLett.101.033601}
}

@article{MuellerEbhardt2008,
author = "{H. M\"{u}ller-Ebhardt, H.Rehbein, R.Schnabel, K.Danzmann, and Y.Chen}",
collaboration = {},
title = {Entanglement of Macroscopic Test Masses and the Standard Quantum Limit in Laser Interferometry},
publisher = {APS},
year = {2008},
journal = PRL,
volume = {100},
number = {1},
eid = {013601},
numpages = {4},
pages = {013601},
url = {http://link.aps.org/abstract/PRL/v100/e013601},
doi = {10.1103/PhysRevLett.100.013601}
}

@ARTICLE{Cantilever0,
  AUTHOR    = "{K.J.Bruland, J.L.Garbini, W.M.Dougherty, J.A.Sidles}",
  TITLE     = "Optimal control of force microscope cantilevers. II. Magnetic coupling implementation",
  JOURNAL = "J. Appl. Phys.",
  VOLUME    = "80",
  NUMBER    = "4",
  PAGES     = "1959-1964",
  YEAR      = "1996",
}

@ARTICLE{Cantilever1,
  AUTHOR    = "{C.H.Metzger, Kh.Karral}",
  TITLE     = "Cavity cooling of a microlever",
  JOURNAL = "Nature",
  VOLUME    = "432",
  PAGES     = "1002-1005",
  YEAR      = "2004",
}

@ARTICLE{Cantilever2,
  AUTHOR    = "{D.Kleckner, W.Marshall, M.J.A. de Dood, Kh.N.Dinyari, B.-J.Pors,W.T.M.Irvine, and D.Bouwmeester}",
  TITLE     = "High finesse opto-mechanical cavity with a movable thirty-micron-size mirror",
  JOURNAL = PRL,
  VOLUME    = "96",
  PAGES     = "173901-1--4",
  YEAR      = "2006",
}

@ARTICLE{Cantilever3,
  AUTHOR    = "{S.Gigan, H.R.B\"ohm, M.Paternostro, F.Blaser, G.Langer,
J.B.Hertzberg, K.C.Schwab, D.B\"auerle, M.Aspermeyer, and A.Zeilinger}",
  TITLE     = "Self-cooling of a micromirror by radiation pressure",
  JOURNAL = "Nature",
  VOLUME    = "444",
  PAGES     = "67-70",
  YEAR      = "2006",
}

@ARTICLE{Cantilever4,
  AUTHOR    = "{D.Kleckner, D.Bouwmeester}",
  TITLE     = "Sub-kelvin optical cooling of a micromechanical resonator",
  JOURNAL = "Nature",
  VOLUME    = "444",
  PAGES     = "75-78",
  YEAR      = "2006",
}

@ARTICLE{Cantilever5,
  AUTHOR    = "{M.Poggio, C.L.Degen, H.J.Mamin, and D.Rugar}",
  TITLE     = "Feedback cooling of a cantilever's fundamental mode below 5 mK",
  JOURNAL = PRL,
  VOLUME    = "99",
  PAGES     = "017201-1--4",
  YEAR      = "2007",
}

@ARTICLE{Cantilever6,
  AUTHOR    = "{S.Gr\"oblacher, S.Gigan, H.R.B\"ohm, A.Zeilinger and M.Aspelmeyer}",
  TITLE     = "Radiation-pressure self-cooling of a micromirror in a cryogenic
environment",
  JOURNAL = "Europhysic Letters",
  VOLUME    = "81",
  PAGES     = "54003-p1--p5",
  YEAR      = "2008",
}

@ARTICLE{Nanocantilever2,
  AUTHOR    = "{S.Gigan, H.R.Bohm, M.Paternostro2, F.Blaser, G.Langer, J.B.Hertzberg, K.C.Schwab, D.Bauerle, M. Aspelmeyer, and A. Zeilinger}",
  TITLE     = "Self-cooling of a micromirror by radiation pressure",
  JOURNAL = "Nature",
  VOLUME    = "444",
  PAGES     = "67-70",
  YEAR      = "2006",
}

@ARTICLE{Mueller2008,
  AUTHOR    = "F.Mueller, S.Heugel, and L.J.Wang",
  TITLE     = "Femto-Newton light force measurement at the thermal noise limit",
  JOURNAL = OL,
  VOLUME    = "33",
  NUMBER    = "6",
  PAGES     = "539-541",
  YEAR      = "2008",
}

@ARTICLE{Cavendish,
  AUTHOR    = "H. Cavendish",
  TITLE     = "Experiments to determine the density of the earth",
  JOURNAL = "Phil. Trans. of Royal Soc. of London.",
  VOLUME    = "88",
  PAGES     = "469-526",
  YEAR      = "1798",
}

@ARTICLE{Torsion,
  AUTHOR    = "G.T.Gillies and R.C.Ritter",
  TITLE     = "Torsion balances, torsion pendulums, and related devices",
  JOURNAL = "Rev. Sci. Instrum.",
  VOLUME    = "64",
  PAGES     = "283",
  YEAR      = "1993",
}

@ARTICLE{SiliconTorsional,
  AUTHOR    = "L.Haiberfer, M.Weingran and S.Schiller",
  TITLE     = "Higly sensitive silicon crystal torque sensor operating at the thermal noise limit",
  JOURNAL = "Rev. Sci. Instrum.",
  VOLUME    = "78",
  PAGES     = "025101",
  YEAR      = "2007",
}

@ARTICLE{Erlangen,
  AUTHOR    = "F. Mueller, S. Heugel, L.J.Wang",
  TITLE     = "Subkelvin cooling of a gram-sized oscillator",
  JOURNAL = "Appl. Phys. Letts.",
  VOLUME    = "92",
  NUMBER    = "4",
  PAGES     = "044101",
  YEAR      = "2008",
}

@ARTICLE{Erlangen2,
  AUTHOR    = "F. Mueller, S. Heugel, L.J.Wang",
  TITLE     = "Observation of optomechanical multistability in a high-Q torsion balance oscillator",
  JOURNAL = "Phys. Rev. A",
  VOLUME    = "77",
  PAGES     = "031802(R)",
  YEAR      = "2008",
}

@ARTICLE{Heidmann0,
  AUTHOR    = "{P.F.Cohadon, A.Heidmann, and M.Pinard}",
  TITLE     = "Cooling of a mirror by radiation pressure",
  JOURNAL = PRL,
  VOLUME    = "83",
  NUMBER    = "16",
  PAGES     = "3174-3177",
  YEAR      = "1999",
}

@ARTICLE{Heidmann1,
  AUTHOR    = "{J.M.Courty, A.Heidmann, and M.Pinard}",
  TITLE     = "Quantum limits of cold damping with optomechanical coupling",
  JOURNAL = "Eur. Phys. J.",
  VOLUME    = "D17",
  PAGES     = "399-408",
  YEAR      = "2001",
}

@ARTICLE{Heidmann2,
  AUTHOR    = "{O.Arcizet, P.F.Cohadon, T.Briant, M.Pinard, and A.Heidmann}",
  TITLE     = "High-sensitivity optical monitoring of a micromechanical resonator with a quantum-limited optomechanical sensor",
  JOURNAL = PRL,
  VOLUME    = "97",
  PAGES     = "133601",
  YEAR      = "2006",
}

@ARTICLE{Heidmann3,
  AUTHOR    = "{O.Arcizet, P.-F.Cohadon, T.Briant, M.Pinard and A.Heidmann}",
  TITLE     = "Radiation-pressure cooling and optomechanical instability of a micromirror",
  JOURNAL = "Nature",
  VOLUME    = "444",
  PAGES     = "05244",
  YEAR      = "2006",
}

@ARTICLE{Heidmann4,
  AUTHOR    = "{A.Danton, C.Genes, D.Vitali, and M.Pinard}",
  TITLE     = "Self-cooling of a movable mirror to the ground state using radiation pressure",
  JOURNAL = PRA,
  VOLUME    = "77",
  PAGES     = "011804(R)",
  YEAR      = "2008",
}

@ARTICLE{ilchenko04prl1,
  AUTHOR    = "{V.S. Ilchenko, A.A. Savchenkov, A.B. Matsko, and L. Maleki}",
  TITLE     = "Nonlinear optics and crystalline whispering gallery mode cavities",
  JOURNAL   = PRL,
  VOLUME    = "92",
  PAGES     = "043903",
  YEAR      = "2004",
}

@ARTICLE{armani03n,
  AUTHOR    = "{D. K. Armani, T. J. Kippenberg, S. M. Spillane, and K. J. Vahala}",
  TITLE     = "Ultra-high-Q toroid microcavity on a chip",
  JOURNAL   = "Nature",
  VOLUME    = "421",
  PAGES     = "925-928",
  YEAR      = "2003",
}


@ARTICLE{Kippenberg1,
  AUTHOR    = "{H. Rokhsari, T. Kippenberg, T. Carmon, and K.J. Vahala}",
  TITLE     = "Radiation-pressure-driven micro-mechanical oscillator",
  JOURNAL   = "Optics Express",
  VOLUME    = "14",
  NUMBER    = "4",
  PAGES     = "5293-5301",
  YEAR      = "2005",
}

@ARTICLE{Kippenberg2,
  AUTHOR    = "{R. Ma, A. Schliesser, P.Del'Haye, A.Dabirian, G. Anetsberger, and T.J. Kippenberg}",
  TITLE     = "Radiation-pressure-driven vibrational modes in ultrahigh-Q silica microspheres",
  JOURNAL   = "Optics Letters",
  VOLUME    = "32",
  NUMBER    = "15",
  PAGES     = "2200-2202",
  YEAR      = "2005",
}

@ARTICLE{Kippenberg3,
  AUTHOR    = "{A. Schliesser, P.Del'Haye, N.Nooshi, K.J.Vahala, and T.J. Kippenberg}",
  TITLE     = "Radiation pressure cooling of a micromechanical oscillator using dynamical backaction",
  JOURNAL   = PRL,
  VOLUME    = "97",
  PAGES     = "243905",
  YEAR      = "2006",
}

@ARTICLE{Kippenberg4,
  AUTHOR    = "{A. Schliesser, R.Riviere, G.Anetsberger, O.Arcizet, and T.J. Kippenberg}",
  TITLE     = "Resolved-sideband cooling of a micromechanical oscillator",
  JOURNAL   = "Nature Physics",
  VOLUME    = "4",
  PAGES     = "415-419",
  YEAR      = "2008",
}

@ARTICLE{Niobium,
  AUTHOR    = "{C.M.Mow-Lowry, A.J.Mullawey, S.Gossler, M.B.Gray, and D.E.McClelland}",
  TITLE     = "Cooling of a gramm-scale cantilever flexure to 70 mK with a servo-modified optical spring",
  JOURNAL   = PRL,
  VOLUME    = "100",
  PAGES     = "010801-1--4",
  YEAR      = "2008",
}

@article{Zink_SSC_129_199_2004,
  title = {Specific heat and thermal conductivity of low-stress amorphous Si-N membranes},
  author = "{B.L.Zink, F.Hellman}",
  journal = "Solid State Communications",
  volume = 129,
  pages = {199--204},
  year = 2004,
  eprint = "http://www.physics.berkeley.edu/research/hellman/papers/science129.pdf"
}

@article{Corbitt2007,
  journal = {Phys. Rev. Lett.},
  numpages = {4},
  month = {Apr},
  doi = {10.1103/PhysRevLett.98.150802},
  issue = {15},
  author = {Corbitt, Thomas and Chen, Yanbei and Innerhofer, Edith and M\"uller-Ebhardt, Helge and Ottaway, David and Rehbein, Henning and Sigg, Daniel and Whitcomb, Stanley and Wipf, Christopher and Mavalvala, Nergis},
  title = {An All-Optical Trap for a Gram-Scale Mirror},
  year = {2007},
  url = {http://link.aps.org/doi/10.1103/PhysRevLett.98.150802},
  publisher = {American Physical Society},
  pages = {150802},
  volume = {98}
}

@ARTICLE{Kippenberg2007,
  AUTHOR    = "{I. Wilson-Rae, N. Nooshi, W. Zwerger, T.J. Kippenberg}",
  TITLE     = "Theory of ground state cooling of a mechanical oscillator using dynamical back-action",
  JOURNAL   = PRL,
  VOLUME    = "99",
  PAGES     = "093901",
  YEAR      = "2007",
  ARXIV     = "arXiv:cond-mat/0702113v1",
}

@ARTICLE{Marquardt2007,
  AUTHOR    = "{F.Marquardt, J.P.Chen, A.A.Clerk, S.M.Girvin}",
  TITLE     = "Quantum Theory of Cavity-Assisted Sideband Cooling of Mechanical Motion",
  JOURNAL   = PRL,
  VOLUME    = "99",
  PAGES     = "093902",
  YEAR      = "2007",
  ARXIV     = "arXiv:cond-mat/0701416v1",
}

@Article{Corbitt_PRL_98_150802_2007,
  title = {An All-Optical Trap for a Gram-Scale Mirror},
  author = {Corbitt, Thomas  and Chen, Yanbei  and Innerhofer, Edith  and M\"uller-Ebhardt, Helge  and Ottaway, David  and Rehbein, Henning  and Sigg, Daniel  and Whitcomb, Stanley  and Wipf, Christopher  and Mavalvala, Nergis },
  journal = {Phys. Rev. Lett.},
  volume = {98},
  number = {15},
  pages = {150802},
  numpages = {4},
  year = {2007},
  month = {Apr},
  doi = {10.1103/PhysRevLett.98.150802},
  publisher = {American Physical Society}
}

@article{Genes_PRA_77_033804_2008,
  volume = {77},
  journal = {Phys. Rev. A},
  month = {Mar},
  numpages = {9},
  author = {Genes, C. and Vitali, D. and Tombesi, P. and Gigan, S. and Aspelmeyer, M.},
  title = {Ground-state cooling of a micromechanical oscillator: Comparing cold damping and cavity-assisted cooling schemes},
  year = {2008},
  url = {http://link.aps.org/doi/10.1103/PhysRevA.77.033804},
  doi = {10.1103/PhysRevA.77.033804},
  issue = {3},
  publisher = {American Physical Society},
  pages = {033804}
}

@Article{Thompson_Nature_452_72_2008,
  title = {Strong dispersive coupling of a high-finesse cavity to a micromechanical membrane},
  author = {Thompson, J. D. and Zwickl, B. M. and Jayich, A. M. and Marquardt, Florian and Girvin, S. M. and Harris, J. G. E.},
  journal = {Nature},
  volume = {452},
  number = {7183},
  pages = {72-75},
  numpages = {4},
  year = {2008},
  month = {Mar},
  doi = {10.1038/nature06715},
  publisher = {Nature Publishing Group}
}

@ARTICLE{ControlPaper2008,
  title = {Creation of a quantum oscillator by classical control},
  author = "{S.Danilishin, H.M\"uller-Ebhardt, H.Rehbein, K.Somiya, R.Schnabel, K.Danzmann, T.Corbitt, C.Wipf, N.Mavalvala, and Y.Chen}",
  journal = {arXiv:0809.2024v2},
  volume = {},
  pages = {},
  year = 2008
}

@ARTICLE{Zwickl2008,
  title = {High quality mechanical and optical properties of commercial silicon nitride membranes},
  author = "{B.M.Zwickl, W.E.Shanks, A.M.Jayich, C.Yang, A.C.Bleszynski, A.M.Jayich, J.D.Thompson, and J.G.E.Harris}",
  journal = "Appl. Phys. Lett.",
  volume = 92,
  pages = 103125,
  year = 2008
}

@ARTICLE{Jayich2008,
  title = {Dispersive optomechanics: a membrane inside a cavity},
  author = "{A.M.Jayich, J.C.Sankey, B.M.Zwickl, C.Yang, J.D.Thompson, S.M.Girvin, A.A.Clerk, F.Marquardt and J.G.E.Harris}",
  journal = NJP,
  volume = 10,
  pages = 095008,
  year = 2008
}

@ARTICLE{Wipf2008,
  title = {Route to ponderomotive entanglement of light via optically trapped mirrors},
  author = "{C.Wipf, T.Corbitt, Y.Chen, and N.Mavalvala}",
  journal = NJP,
  volume = 10,
  pages = 095017,
  year = 2008
}

@ARTICLE{Kleckner2008,
  title = {Creating and verifying a quantum superposition in a micro-optomechanical system},
  author = "{D.Kleckner, I.Pikovski, E.Jeffrey, L.Ament, E.Eliel, J.van den Brink, and D.Bouwmeester}",
  journal = NJP,
  volume = 10,
  pages = 095020,
  year = 2008
}

@ARTICLE{Clerk2008,
  title = {Introduction to Quantum Noise, Measurement and Amplification},
  author = "{A.A.Clerk, M.H.Devoret, S.M.Girvin, Florian Marquardt, and R.J.Schoelkopf}",
  journal = RMP,
  volume = 82,
  pages = 1155,
  year = 2010,
  note = "arXiv:0810.4729"
}

@article{Kippenberg_Science_321_1172_2008,
  author = {Kippenberg, T. J. and Vahala, K. J.},
  title = {{Cavity Optomechanics: Back-Action at the Mesoscale}},
  journal = {Science},
  volume = {321},
  number = {5893},
  pages = {1172-1176},
  doi = {10.1126/science.1156032},
  year = {2008},
  abstract = {
    The coupling of optical and mechanical degrees of freedom is the underlying principle of many techniques to measure mechanical displacement, from macroscale gravitational wave detectors to microscale cantilevers used in scanning probe microscopy. Recent experiments have reached a regime where the back-action of photons caused by radiation pressure can influence the optomechanical dynam ics, giving rise to a host of long-anticipated phenomena. Here we review these developments and disc uss the opportunities for innovative technology as well as for fundamental science.
  },
  URL = {http://www.sciencemag.org/cgi/content/abstract/321/5893/1172},
  eprint = {http://www.sciencemag.org/cgi/reprint/321/5893/1172.pdf}
}

@Article{Marquardt_Physics_2_40_2009,
  title = {Optomechanics},
  author = {Florian Marquardt and Steven M. Girvin},
  journal = {Physics},
  volume = {2},
  eid = {40},
  pages = {40},
  year = {2009},
  month = {May},
  doi = {10.1103/Physics.2.40},
  publisher = {The American Physical Society}
}

@ARTICLE{Teufel2009,
  title = {Nanomechanical motion measured with an imprecision below that at the standard quantum limit},
  author = "{J.D.Teufel, T.Donner, M.A.Castellanos-Beltran, J.W.Harlow and K.W.Lehnert}",
  journal = "Nature Nanotechnology",
  month = Nov,
  volume = 4,
  pages =  820,
  year = 2009
}

@article{Verbridge2006,
  title = "High quality factor resonance at room temperature with nanostrings under high tensile stress",
  author = "{S.S.Verbridge, J.M.Parpia, R.B.Reichenbach, L.M.Bellan, and H.G.Craighead}",
  journal = "Journal of Applied Physics",
  volume = 99,
  pages = 124304,
  year = 2006
}

@article{Wilson_PRL_103_207204_2009,
  title = {Cavity Optomechanics with Stoichiometric SiN Films},
  month = {Nov},
  doi = {10.1103/PhysRevLett.103.207204},
  author = {Wilson, D. J. and Regal, C. A. and Papp, S. B. and Kimble, H. J.},
  year = {2009},
  issue = {20},
  url = {http://link.aps.org/doi/10.1103/PhysRevLett.103.207204},
  numpages = {4},
  journal = {Phys. Rev. Lett.},
  publisher = {American Physical Society},
  pages = {207204},
  volume = {103}
}

@ARTICLE{Wallquist2009,
  author  = "{M. Wallquist, K. Hammerer, P. Zoller, C. Genes, M. Ludwig, F. Marquardt, P. Treutlein, J. Ye, H. J. Kimble}",
  title   = "Single-Atom Cavity QED and Opto-Micromechanics",
  journal = PRA,
  year    = 2010,
  volume  = 81,
  pages   = 023816,
  ARCHIVE = "{arXiv:0912.4424}"
}

@article{OConnel_Nature_464_697_2010,
  author  = "{A.D.O'Connel {\it et al}}",
  journal = "Nature",
  title   = "Quantum ground state and single-phonon control of a mechanical resonator",
  year    = 2010,
  volume  = 464,
  pages   = 697
}

@article{Teufel_Nature_471_204_2011,
  author = "{J.D.Teufel, Dale Li, M.S.Allman, K.Cicak, A.J.Sirois, J.D.Whittaker, R.W.Simmonds}",
  journal = "Nature",
  title = "Circuit cavity electromechanics in the strong-coupling regime",
  year    = 2011,
  volume  = 471,
  pages   = 204
}

@article{Teufel_Nature_475_359_2011,
  author = "{J.D.Teufel, T.Donner, Dale Li, J.H.Harlow, M.S.Allman, K.Cicak, A.J.Sirois, J.D.Whittaker, K.W.Lehnert, R.W.Simmonds}",
  journal = "Nature",
  title = "Sideband Cooling Micromechanical Motion to the Quantum Ground State",
  year    = 2011,
  volume  = 475,
  pages   = 359
}
@article{Sathyaprakash2011,
author = "{B.Sathyaprakash {\it et al}}",
journal = "arXiv:1108.1423",
volume = "",
pages = "",
year = 2011,
arxiv = "arXiv:1108.1423",
}
@ARTICLE{Painter2011-1,
  title = {Laser cooling of a nanomechanical oscillator into its quantum ground state},
  author = "{J.Chan, T.P.Mayer Alegre, A.H.Safavi-Naeini, J.T.Hill, A.Krause, S.Groeblacher, M.Aspelmeyer, O.Painter}",
  journal = "Nature",
  volume = 478,
  pages = 89,
  year = 2011,
  arxiv = "arXiv:1106.3614",
}

@ARTICLE{Painter2011-2,
  title = {Measurement of the quantum zero-point motion of a nanomechanical resonator},
  author = "{A.H.Safavi-Naeini, J.Chan, J.T.Hill, T.P.Mayer Alegre, A.Krause, O.Painter}",
  journal = "arXiv:1108.4680",
  volume = "",
  pages = "",
  year = 2011
}

@article{Sangouard_RMP_83_33_2011,
  title = {Quantum repeaters based on atomic ensembles and linear optics},
  author = {Sangouard, Nicolas and Simon, Christoph and de Riedmatten, Hugues and Gisin, Nicolas},
  journal = RMP,
  year = {2011},
  month = {Mar},
  issue = {1},
  url = {http://link.aps.org/doi/10.1103/RevModPhys.83.33},
  publisher = {American Physical Society},
  pages = {33--80},
  volume = {83},
  doi = {10.1103/RevModPhys.83.33}
}

@article{Zhang_PRA_68_013808_2003,
  volume = {68},
  journal = {Phys. Rev. A},
  month = {Jul},
  numpages = {5},
  author = {Zhang, Jing and Peng, Kunchi and Braunstein, Samuel L.},
  title = {Quantum-state transfer from light to macroscopic oscillators},
  year = {2003},
  url = {http://link.aps.org/doi/10.1103/PhysRevA.68.013808},
  doi = {10.1103/PhysRevA.68.013808},
  issue = {1},
  publisher = {American Physical Society},
  pages = {013808}
}

@article{Mancini_PRL_90_137901_2003,
  volume = {90},
  journal = {Phys. Rev. Lett.},
  month = {Apr},
  numpages = {4},
  author = {Mancini, Stefano and Vitali, David and Tombesi, Paolo},
  title = {Scheme for Teleportation of Quantum States onto a Mechanical Resonator},
  year = {2003},
  url = {http://link.aps.org/doi/10.1103/PhysRevLett.90.137901},
  doi = {10.1103/PhysRevLett.90.137901},
  issue = {13},
  publisher = {American Physical Society},
  pages = {137901}
}

@article{Jahne_PRA_79_063819_2009,
  volume = {79},
  journal = {Phys. Rev. A},
  month = {Jun},
  numpages = {7},
  author = {J\"ahne, K. and Genes, C. and Hammerer, K. and Wallquist, M. and Polzik, E. S. and Zoller, P.},
  title = {Cavity-assisted squeezing of a mechanical oscillator},
  year = {2009},
  url = {http://link.aps.org/doi/10.1103/PhysRevA.79.063819},
  doi = {10.1103/PhysRevA.79.063819},
  issue = {6},
  publisher = {American Physical Society},
  pages = {063819}
}

@article{Romero-Isart_NJP_12_033015_2010,
  author={Oriol Romero-Isart and Mathieu L Juan and Romain Quidant and J Ignacio Cirac},
  title={Toward quantum superposition of living organisms},
  journal={New Journal of Physics},
  volume={12},
  number={3},
  pages={033015},
  url={http://stacks.iop.org/1367-2630/12/i=3/a=033015},
  year={2010}
}
@article{Mabuchi_2002,
author={M. Armen and J. Au and J. Stockton and A. Doherty and H. Mabuchi},
title={Adaptive homodyne measurement of optical phase},
journal={Phys. Rev. Lett.},
volume={89},
pages={133602},
year={2002}
}

